Mamia Baby's First Breakfast 6mth+ Apple & Oatmeal,currently unavailable,79c per 100g,https://www.aldi.com.au/fileadmin/fm-dam/Products/Groceries/Baby/Products/2021/ALN3354_Q2-WEB-AUDIT_PD_388x314_8.jpg,-1
Hedafen Ibuprofen 24pk,$1.49,6c per tablet,https://www.aldi.com.au/fileadmin/fm-dam/Products/Groceries/Health/2022/Q4/Products/1001605-5_PD_Q4_WEB-AUDIT_HEALTH_388x314_2.jpg,-1
Essential Health Electrolytes 20pk,$6.49,32c per tablet,https://www.aldi.com.au/fileadmin/fm-dam/Products/Groceries/Health/Products/ALN2853_HEALTH_PD_388x314_1a.jpg,-1
Mamia Organic Fruit 4 months+ 120g,$1.49,$1.24 per 100g,https://www.aldi.com.au/fileadmin/fm-dam/Products/Groceries/Baby/Products/2021/ALN3354_Q2-WEB-AUDIT_PD_388x314_11a.jpg,-1
Mamia Baby Food 6 Months+ 120g,currently unavailable,79c per 100g,https://www.aldi.com.au/fileadmin/fm-dam/Products/Groceries/Baby/Products/2022/Q3/1001349_ALN-2_PD_Q3_WEB-AUDIT_388x314_44a.jpg,-1
Dentitex Mouthwash 1L Ultra Fresh or Tartar Control 1L,$4.29,43c per 100ml,https://www.aldi.com.au/fileadmin/fm-dam/Products/Groceries/Health/2022/Q3/Products/1001349_ALN-2_PD_Q3_WEB-AUDIT_388x314_15a.jpg,-1
Mamia Unisex Nappy Pants - Walker,$10.49,40c per nappy,https://www.aldi.com.au/fileadmin/_processed_/6/e/csm_1001829-16_Q1-WEB-AUDIT_BRIEF-2_PD_388x314_8a_RET_0bb29c61ca.jpg,-1
Essential Health Meal Replacement Bar 55g,$2.69,$4.89 per 100g,https://www.aldi.com.au/fileadmin/fm-dam/Products/Groceries/Super_Savers/2021/Monthly/Q3_PRICE_SEPTEMBER/ALN3571_SEP_SSV_DIGITAL__B1__PD_388x314_17a.jpg,-1
Mamia Unisex Nappy Pants - Junior,$10.49,44c per nappy,https://www.aldi.com.au/fileadmin/_processed_/f/7/csm_1001829-16_Q1-WEB-AUDIT_BRIEF-2_PD_388x314_9a_RET_1067f88706.jpg,-1
MAMIA®Unisex Walker Nappies 13kg-18kg 44pk,$11.49,26c per nappy,https://www.aldi.com.au/fileadmin/_processed_/8/c/csm_1001829-16_Q1-WEB-AUDIT_BRIEF-2_PD_388x314_6a_RET_277a0de77a.jpg,-1
MAMIA®Unisex Night Pants 10pk/9pk,$10.99,$1.10/$1.22 per pant,https://www.aldi.com.au/fileadmin/fm-dam/Products/Groceries/Baby/Products/2022/Q1/1000855_ALN-11_PD_Q1_WEB-AUDIT_388x314_18a.jpg,-1
Market Fare Corn Kernels 1kg,$4.19,$4.19 per kg,https://www.aldi.com.au/fileadmin/fm-dam/Products/Groceries/Award_Winning_Products/Frozen_Foods/2017_Frozen_Products/ALN0977_VEG_AWARDS_PD_388x314_.jpg,-1
MAMIA®Unisex Junior Nappies 16kg-25kg 40pk,$11.49,29c per nappy,https://www.aldi.com.au/fileadmin/_processed_/0/0/csm_1001829-16_Q1-WEB-AUDIT_BRIEF-2_PD_388x314_7a_RET_a2bc79b1a8.jpg,-1
Onset Ready to Drink Protein Drinks 375ml,$3.49,93c per 100ml,https://www.aldi.com.au/fileadmin/fm-dam/Products/Groceries/Health/2022/Q4/Products/1001605-5_PD_Q4_WEB-AUDIT_HEALTH_388x314_3a.jpg,-1
Mamia Baby Fruit 4 Months+ 120g,currently unavailable,79c per 100g,https://www.aldi.com.au/fileadmin/fm-dam/Products/Groceries/Baby/Products/2021/ALN3354_Q2-WEB-AUDIT_PD_388x314_5a.jpg,-1
Hedafen Ibuprofen Liquid Gel Capsules 20pk,$2.39,12c per capsule,https://www.aldi.com.au/fileadmin/fm-dam/Products/Groceries/Super_Savers/2021/Monthly/Q3_PRICE_OCTOBER/ALN3612_PD_SSV-OCT-B2_388x314_30.jpg,-1
Market Fare Spinach 250g,currently unavailable,$3.56 per kg,https://www.aldi.com.au/fileadmin/fm-dam/Products/Groceries/Award_Winning_Products/Frozen_Foods/ALN1075_AWARDS_UPDATE_PD_388x314_32.jpg,-1
Essential Health First Aid Strips Plastic 100pk or Fabric 50pk,$1.99,2c-4c per strip,https://www.aldi.com.au/fileadmin/fm-dam/Products/Groceries/Super_Savers/2021/Monthly/Q2_PRICE_AUGUST/ALN3498_AUG_SSV_DIGITAL_PD_388x314_33a.jpg,-1
Mamia Baby Food Desserts 6 Months+ 120g,currently unavailable,79c per 100g,https://www.aldi.com.au/fileadmin/fm-dam/Products/Groceries/Baby/Products/2021/ALN3354_Q2-WEB-AUDIT_PD_388x314_9a.jpg,-1
Mamia Baby Wipes Embossed Fragrance Free 80pk,$2.69,$3.36 per 100 wipes,https://www.aldi.com.au/fileadmin/_processed_/d/9/csm_1001829-6_Q1-WEB-AUDIT_BABY_PD_388x314_1_RET_1ec52a01f5.jpg,-1
Essential Health Paw Paw Ointment,$2.49,$9.96 per 100g,https://www.aldi.com.au/fileadmin/fm-dam/Products/Groceries/Health/Products/ALN2364-8_HEALTH_PD_388x314_6a.jpg,-1
Essential Health Meal Replacement Shake 55g,$2.49,$4.53 per 100g,https://www.aldi.com.au/fileadmin/fm-dam/Products/Groceries/Health/Products/ALN2364-8_HEALTH_PD_388x314_12a.jpg,-1
Dentitex Advanced Whitening Toothpaste,$1.49,$1.06 per 100g,https://www.aldi.com.au/fileadmin/fm-dam/Products/Groceries/Health/Products/ALN2364-8_HEALTH_PD_388x314_1.jpg,-1
Market Fare Green Beans 1kg,$2.79,$2.79 per kg,https://www.aldi.com.au/fileadmin/fm-dam/Products/Groceries/Award_Winning_Products/Frozen_Foods/2017_Frozen_Products/ALN0533_PD_FROZEN_388x314_3.jpg,-1
Market Fare Winter Vegetables 1kg,$4.19,$4.19 per kg,https://www.aldi.com.au/fileadmin/fm-dam/Products/Groceries/Freezer/Products/ALN3354_Q2-WEB-AUDIT_PD_388x314_23.jpg,-1
Dentitex Mouthwash 500ml,$4.69,94c per 100ml,https://www.aldi.com.au/fileadmin/fm-dam/Products/Groceries/Health/2022/Q4/Products/1001605-5_PD_Q4_WEB-AUDIT_HEALTH_388x314_1a.jpg,-1
Mamia Baby Wipes 480pk Fragrance free,$10.99,$2.29 per 100 wipes,https://www.aldi.com.au/fileadmin/fm-dam/Products/Groceries/Baby/Products/2021/ALN3248_Q1_WEB-AUDIT___BABY__PD_388x314_5.jpg,-1
Onset Chocolate Protein Bars 51g-57g,$2.99,$5.25/$5.86 per 100g,https://www.aldi.com.au/fileadmin/fm-dam/Products/Groceries/Health/Products/ALN2853_HEALTH_PD_388x314_3a.jpg,-1
MAMIA®Unisex Crawler Nappies 6kg-11kg 56pk,$11.49,21c per nappy,https://www.aldi.com.au/fileadmin/_processed_/3/7/csm_1001829-16_Q1-WEB-AUDIT_BRIEF-2_PD_388x314_4a_RET_b54a1b79b3.jpg,-1
MAMIA®Unisex Toddler Nappies 10kg-15kg 50pk,$11.49,23c per nappy,https://www.aldi.com.au/fileadmin/_processed_/e/b/csm_1001829-16_Q1-WEB-AUDIT_BRIEF-2_PD_388x314_5a_RET_e2cd1c40b9.jpg,-1
Mamia Baby's First Breakfast 6m+ Creamy Baby Porridge,currently unavailable,79c per 100g,https://www.aldi.com.au/fileadmin/fm-dam/Products/Groceries/Baby/Products/2021/ALN3354_Q2-WEB-AUDIT_PD_388x314_7.jpg,-1
Mamia Baby Wipes 80pk Scented,$2.29,$2.86 per 100 wipes,https://www.aldi.com.au/fileadmin/fm-dam/Products/Groceries/Baby/Products/2021/ALN3248_Q1_WEB-AUDIT___BABY__PD_388x314_1.jpg,-1
Hedanol Paracetamol Capsule Shaped Tablets 20pk,currently unavailable,4c per tablet,https://www.aldi.com.au/fileadmin/_processed_/d/1/csm_1001829-8_Q1-WEB-AUDIT_HEALTH_PD_388x314_1_RET_73f11530eb.jpg,-1
Orchard & Vine Blueberries 500g,$5.69,$11.38 per kg,https://www.aldi.com.au/fileadmin/fm-dam/Products/Groceries/Freezer/Products/ALN2364_FROZEN_FOOD_PD_388x314_3.jpg,-1
Kenny’s Frozen Dessert 475ml,$6.99,$1.47 per 100ml,https://www.aldi.com.au/fileadmin/fm-dam/Products/Groceries/Freezer/Products/ALN2853_FROZEN_FOOD_PD_388x314_8a.jpg,-1
Market Fare Broccoli 500g,$2.99,$5.98 per kg,https://www.aldi.com.au/fileadmin/fm-dam/Products/Groceries/Award_Winning_Products/Frozen_Foods/2017_Frozen_Products/ALN0533_PD_FROZEN_388x314_2.jpg,-1
The Best Margherita Pizza Ever 365g,$6.49,$1.78 per 100g,https://www.aldi.com.au/fileadmin/fm-dam/Products/Groceries/Freezer/Products/ALN2626_MARGHERITA_PIZZA_PD_388x314_1a.jpg,-1
Mamia Organic Baby Rice Puffs 12g,$1.69,$14.08 per 100g,https://www.aldi.com.au/fileadmin/_processed_/e/b/csm_1001829-6_Q1-WEB-AUDIT_BABY_PD_388x314_3a_RET_dbb202e71c.jpg,-1
Mamia Baby Wipes Embossed Scented 80pk,$2.69,$3.36 per 100 wipes,https://www.aldi.com.au/fileadmin/_processed_/2/8/csm_1001829-6_Q1-WEB-AUDIT_BABY_PD_388x314_2_RET_53fabafd40.jpg,-1
Market Fare Cauliflower or Broccoli Bake 800g,$6.99,$8.74 per kg,https://www.aldi.com.au/fileadmin/fm-dam/Products/Groceries/Award_Winning_Products/Frozen_Foods/2017_Frozen_Products/ALN0533_PD_FROZEN_388x314_4.jpg,-1
International Cuisine Beef Lasagne 2kg,$11.99,60c per 100g,https://www.aldi.com.au/fileadmin/fm-dam/Products/Groceries/Q-UPDATES/2021/Q4/PD/ALN3708_Q4-WEB_NEW-PD_388x314_14.jpg,-1
Market Fare Baby Peas 1kg,$4.69,$4.69 per kg,https://www.aldi.com.au/fileadmin/fm-dam/Products/Groceries/Freezer/Products/2022/Q4/1001605-7_PD_Q4_WEB-AUDIT_FREEZER_388x314_1.jpg,-1
Market Fare Stir Fry Vegetables 850g,$4.29,$5.05 per kg,https://www.aldi.com.au/fileadmin/fm-dam/Products/Groceries/Freezer/Products/ALN2853_FROZEN_FOOD_PD_388x314_2.jpg,-1
Mamia Baby Wipes 80pk Fragrance Free,$2.29,$2.86 per 100 wipes,https://www.aldi.com.au/fileadmin/fm-dam/Products/Groceries/Baby/Products/2021/ALN3248_Q1_WEB-AUDIT___BABY__PD_388x314_2.jpg,-1
Market Fare Peas, Carrots & Corn 1kg,$4.19,$4.19 per kg,https://www.aldi.com.au/fileadmin/fm-dam/Products/Groceries/Award_Winning_Products/Frozen_Foods/2019/ALN2147_Q4_FROZEN_FOOD_PD_388x314_4.jpg,-1
MAMIA®Unisex Newborn Nappies,$4.69,17c per nappy,https://www.aldi.com.au/fileadmin/_processed_/4/6/csm_1001829-16_Q1-WEB-AUDIT_BRIEF-2_PD_388x314_2a_RET_ecc3f64084.jpg,-1
MAMIA®Unisex Infant Nappies 4kg-8kg 56pk,$11.49,21c per nappy,https://www.aldi.com.au/fileadmin/_processed_/a/b/csm_1001829-16_Q1-WEB-AUDIT_BRIEF-2_PD_388x314_3a_RET_e74c61fded.jpg,-1
Essential Health Effervescents 15pk,$5.29,35c per tablet,https://www.aldi.com.au/fileadmin/fm-dam/Products/Groceries/Health/Products/ALN2364-8_HEALTH_PD_388x314_10a.jpg,-1
Essential Health Eucalyptus Oil 100ml,$7.49,$7.49 per 100ml,https://www.aldi.com.au/fileadmin/fm-dam/Products/Groceries/Health/2021/Q3/ALN3510_Q3_HEALTH_PD_388x314_3a.jpg,-1
Market Fare Garden Peas 1kg,$2.59,$2.59 per kg,https://www.aldi.com.au/fileadmin/fm-dam/Products/Groceries/Award_Winning_Products/Frozen_Foods/2019/ALN2147_Q4_FROZEN_FOOD_PD_388x314_2.jpg,-1
Dentitex Sensitive Plus Whitening Toothpaste,$5.99,$5.45 per 100g,https://www.aldi.com.au/fileadmin/fm-dam/Products/Groceries/Health/2022/Q3/Products/1001349_ALN-2_PD_Q3_WEB-AUDIT_388x314_16a.jpg,-1
Onset Protein Bars 30g,$1.49,$6.63 per 100g,https://www.aldi.com.au/fileadmin/fm-dam/Products/Groceries/Health/2022/Q3/Products/1001349_ALN-2_PD_Q3_WEB-AUDIT_388x314_17a.jpg,-1
Dentitex Orbit Toothbrush 2pk,$3.99,$2.00 per unit,https://www.aldi.com.au/fileadmin/fm-dam/Products/Groceries/Health/2022/Q3/Products/1001349_ALN-2_PD_Q3_WEB-AUDIT_388x314_14a.jpg,-1
Dentitex Interdental Pro Toothbrush 2pk,$1.89,95c per unit,https://www.aldi.com.au/fileadmin/fm-dam/Products/Groceries/Health/Products/ALN2853_HEALTH_PD_388x314_4a.jpg,-1
Mamia Fruit Snack Cereal Bars Apple, Blueberry & Banana 12+ months 8pk 128g,$3.69,$2.88 per 100g,https://www.aldi.com.au/fileadmin/fm-dam/Products/Groceries/baby_care/2020/ALN3077_BABY-FOOD_PD_388x314_2.jpg,-1
Mamia Organic Breakfast 120g,$1.49,$1.24 per 100g,https://www.aldi.com.au/fileadmin/fm-dam/Products/Groceries/Baby/Products/2022/Q3/1001349_ALN-2_PD_Q3_WEB-AUDIT_388x314_45a.jpg,-1
Mamia Fruit Snack Cereal Bars Apple 12+ months 8pk 128g,$3.69,$2.88 per 100g,https://www.aldi.com.au/fileadmin/fm-dam/Products/Groceries/baby_care/2020/ALN3077_BABY-FOOD_PD_388x314_.jpg,-1
Elmsbury Potato Pies 2pk/440g,$4.49,$1.02 per 100g,https://www.aldi.com.au/fileadmin/_processed_/c/c/csm_1002110-JUNE_SSV_B1_PD_388x314_3_RET_143e112e70.jpg,-1
Lacura Verde Hand Wash 500ml,$4.49,90c per 100ml,https://www.aldi.com.au/fileadmin/_processed_/1/8/csm_1002110-JUNE_SSV_B1_PD_388x314_14a_RET_b36e5c7366.jpg,-1
Bruemar Pork Porterhouse Steaks 400g,$6.99,$17.48 per kg,https://www.aldi.com.au/fileadmin/_processed_/2/3/csm_2423_SSV_MEAT_PD_5_RET_b3f42e4c1a.jpg,-1
Bakers Life Italian Style Pizza Base 2pk/400g,$2.49,62c per 100g,https://www.aldi.com.au/fileadmin/_processed_/e/5/csm_1002110-JUNE_SSV_B1_PD_388x314_6_RET_e68d058c02.jpg,-1
Ready, Set…Cook! Pork Loin per kg,$15.99,$15.99 per kg,https://www.aldi.com.au/fileadmin/_processed_/1/5/csm_1002110-JUNE_SSV_B1_PD_388x314_2_RET_8df487144b.jpg,-1
Mamia Fruit Snack Cereal Bars Apple & Raspberry 12+ months 8pk 128g,$3.69,$2.88 per 100g,https://www.aldi.com.au/fileadmin/fm-dam/Products/Groceries/baby_care/2020/ALN3077_BABY-FOOD_PD_388x314_3.jpg,-1
Ready, Set…Cook! Southern Style Chicken Burgers 4pk/560g,$7.49,$13.38 per kg,https://www.aldi.com.au/fileadmin/_processed_/2/1/csm_1002110-JUNE_SSV_B1_PD_388x314_1_RET_282abe5c0e.jpg,-1
Three Aussie Farmers Slow Cooked Pork Belly per kg,$21.99,$21.99 per kg,https://www.aldi.com.au/fileadmin/_processed_/4/e/csm_2423_SSV_MEAT_PD_4_RET_b19717bdb1.jpg,-1
Hillcrest Gourmet Protein Bars 5pk/200g,$3.49,$1.75 per 100g,https://www.aldi.com.au/fileadmin/_processed_/c/2/csm_1002110-JUNE_SSV_B1_PD_388x314_10a_RET_60fb1a2631.jpg,-1
Moser Roth Dark Chocolate 125g,$2.49,$1.99 per 100g,https://www.aldi.com.au/fileadmin/_processed_/b/2/csm_1002110-JUNE_SSV_B1_PD_388x314_11_RET_8690a0bae4.jpg,-1
Knoppers Nutbar 3pk/120g,$1.99,$1.66 per 100g,https://www.aldi.com.au/fileadmin/_processed_/a/9/csm_1002110-JUNE_SSV_B1_PD_388x314_8_RET_16dcce23e2.jpg,-1
Belmont Biscuit Co. Gluten Free Coconut Macaroons 160g,$1.99,$1.24 per 100g,https://www.aldi.com.au/fileadmin/_processed_/0/5/csm_1002110-JUNE_SSV_B1_PD_388x314_9_RET_ffe2f30a52.jpg,-1
The Antipasto Board Grazing Platter 350g,$13.99,$39.97 per kg,https://www.aldi.com.au/fileadmin/_processed_/8/8/csm_2423_SSV_MEAT_PD_3_RET_c09174a593.jpg,-1
Mamia Fruit & Oat Bars 90g - Strawberry 12+ Months,$2.69,$2.99 per 100g,https://www.aldi.com.au/fileadmin/fm-dam/Products/Groceries/Baby/Products/2021/ALN3354_Q2-WEB-AUDIT_PD_388x314_39.jpg,-1
Bakers Life Sunny Crumpets 6pk,$1.49,25c per each,https://www.aldi.com.au/fileadmin/_processed_/b/8/csm_1002110-JUNE_SSV_B1_PD_388x314_7_RET_d8966d1f41.jpg,-1
Siena White Anchovy Fillets 200g,$6.99,$34.95 per kg,https://www.aldi.com.au/fileadmin/_processed_/5/f/csm_2423_SSV_MEAT_PD_2_RET_a7d352003b.jpg,-1
Mamia Fruit & Oat Bars 90g - Apricot 12+ Months,$2.69,$2.99 per 100g,https://www.aldi.com.au/fileadmin/fm-dam/Products/Groceries/Baby/Products/2021/ALN3354_Q2-WEB-AUDIT_PD_388x314_41.jpg,-1
Moser Roth Orange & Almond or Dark Hazelnut Chocolate 125g,$2.49,$1.99 per 100g,https://www.aldi.com.au/fileadmin/_processed_/8/7/csm_1002110-JUNE_SSV_B1_PD_388x314_12a_RET_b25f7f3f95.jpg,-1
Mamia Fruit & Oat Bars 90g - Apple & Raisin with Yogurt 12+ Months,$2.69,$2.99 per 100g,https://www.aldi.com.au/fileadmin/fm-dam/Products/Groceries/Baby/Products/2021/ALN3354_Q2-WEB-AUDIT_PD_388x314_40.jpg,-1
Mamia Organic Apple Mini Rice Cakes 40g,$2.99,$7.48 per 100g,https://www.aldi.com.au/fileadmin/fm-dam/Products/Groceries/Baby/Products/2022/Q2/1001137-2_ALN_Q2_WEB_AUDIT_PD_388x314_10.jpg,-1
Food Envy Italian Family Desserts 500g,$4.49,90c per 100g,https://www.aldi.com.au/fileadmin/_processed_/1/a/csm_1002110-JUNE_SSV_B1_PD_388x314_4a_RET_fc3dfdae54.jpg,-1
World Kitchen Garlic Naan Bread 360g,$2.99,83c per 100g,https://www.aldi.com.au/fileadmin/_processed_/5/b/csm_1002110-JUNE_SSV_B1_PD_388x314_5_RET_9b087597a7.jpg,-1
Mamia Organic Raspberry Mini Rice Cakes 40g,$2.99,$7.48 per 100g,https://www.aldi.com.au/fileadmin/fm-dam/Products/Groceries/Baby/Products/2022/Q2/1001137-2_ALN_Q2_WEB_AUDIT_PD_388x314_9.jpg,-1
Ready, Set…Cook! Free Range Marinated Chicken Breast Kebabs 5pk/400g,$7.99,$19.98 per kg,https://www.aldi.com.au/fileadmin/_processed_/5/3/csm_2423_SSV_MEAT_PD_1_RET_5492beb2d8.jpg,-1
Pantene Shampoo or Conditioner 300ml,$5.49,$1.83 per 100ml,https://www.aldi.com.au/fileadmin/_processed_/5/d/csm_1002110-JUNE_SSV_B1_PD_388x314_15a_RET_16bae2bf15.jpg,-1
Corte Carista Montepulciano D’Abruzzo DOC 750ml,$9.99,$9.99 per each,https://www.aldi.com.au/fileadmin/_processed_/2/2/csm_1002110-JUNE_SSV_B1_PD_388x314_16_RET_f115f4b5c3.jpg,-1
Trimat Advanced Laundry Liquid 2L – Regular,$9.99,$5.00 per litre,https://www.aldi.com.au/fileadmin/fm-dam/Products/Groceries/Laundry_Household/Laundry/Products/Q1_2021/ALN3248_Q1_WEB-AUDIT__LAUNDRY__PD_388x314_2.jpg,-1
One Road Shiraz 750ml,$6.99,$6.99 per each,https://www.aldi.com.au/fileadmin/_processed_/5/3/csm_1002110-JUNE_SSV_B1_PD_388x314_17_RET_d5fc95a1a8.jpg,-1
Di-San Pre Wash Stain Remover 750ml,$2.15,$2.87 per litre,https://www.aldi.com.au/fileadmin/fm-dam/Products/Groceries/Q-UPDATES/2021/Q4/PD/ALN3708_Q4-WEB_EXISTING_PD_388x314_5.jpg,-1
Di San Laundry Sanitiser 1L,$4.29,$4.29 per Litre,https://www.aldi.com.au/fileadmin/fm-dam/Products/Groceries/Laundry_Household/Laundry/Products/Q3_2022/1001349_ALN-2_PD_Q3_WEB-AUDIT_388x314_21a.jpg,-1
Almat Laundry Liquid Concentrate 2L,$5.49,$2.75 per litre,https://www.aldi.com.au/fileadmin/fm-dam/Products/Groceries/laundry/2020/ALN3077_LAUNDRY_PD_388x314_3a.jpg,-1
Di San Pre Wash Stain Remover 750ml – Degreaser,$2.15,$2.87 per litre,https://www.aldi.com.au/fileadmin/fm-dam/Products/Groceries/Q-UPDATES/2021/Q4/PD/ALN3708_Q4-WEB_EXISTING_PD_388x314_6.jpg,-1
Anco Soft Fabric Softener Concentrate 250ml,$1.29,52c per 100ml,https://www.aldi.com.au/fileadmin/fm-dam/Products/Groceries/Laundry_Household/Laundry/Products/Q1_2021/ALN3248_Q1_WEB-AUDIT__LAUNDRY__PD_388x314_5a.jpg,-1
Green Action Wool Wash 1L,$2.49,$2.49 per litre,https://www.aldi.com.au/fileadmin/fm-dam/Products/Groceries/laundry/2019/Q1/ALN2230_Q1_LAUNDRY_PD_388x314_6.jpg,-1
Almat Laundry Powder Concentrate 2kg,$5.49,$2.75 per kg,https://www.aldi.com.au/fileadmin/fm-dam/Products/Groceries/Laundry_Household/Laundry/Products/ALN2364_AWARDS_HOME_CLEANING_PD_388x314_9a.jpg,-1
Anco Soft Fabric Softener 2L,$3.49,$1.75 per litre,https://www.aldi.com.au/fileadmin/fm-dam/Products/Groceries/Laundry_Household/Laundry/Products/Q1_2021/ALN3248_Q1_WEB-AUDIT__LAUNDRY__PD_388x314_4a.jpg,-1
Laundrite Laundry Liquid 2L,$1.99,$1.00 per litre,https://www.aldi.com.au/fileadmin/fm-dam/Products/Groceries/Laundry_Household/Laundry/Products/Q4_2019/ALN2619_Q4_WEB_AUDIT_LAUNDRY_PD_388x314_.jpg,-1
Anco Soft Fabric Softener 4x Concentrate 1L,$3.99,$3.99 per litre,https://www.aldi.com.au/fileadmin/fm-dam/Products/Groceries/Laundry_Household/Laundry/Products/Q3_2022/1001349_ALN-2_PD_Q3_WEB-AUDIT_388x314_22a.jpg,-1
Green Action Laundry Liquid 1L,$2.49,$2.49 per litre,https://www.aldi.com.au/fileadmin/fm-dam/Products/Groceries/laundry/2019/Q1/ALN2230_Q1_LAUNDRY_PD_388x314_7.jpg,-1
Laundrite Laundry Powder 4kg,$4.99,$1.25 per kg,https://www.aldi.com.au/fileadmin/fm-dam/Products/Groceries/Laundry_Household/Laundry/Products/Q4_2019/ALN2619_Q4_WEB_AUDIT_LAUNDRY_PD_388x314_2.jpg,-1
Power Force Gel Toilet Cleaner 700ml,$2.19,31c per 100ml,https://www.aldi.com.au/fileadmin/fm-dam/Products/Groceries/Laundry_Household/Household/Products/2022/Q1/1000855_ALN-11_PD_Q1_WEB-AUDIT_388x314_21a.jpg,-1
Power Force Pro Toilet Cleaner Bleach Gel 700ml,$2.19,31c per 100ml,https://www.aldi.com.au/fileadmin/fm-dam/Products/Groceries/Laundry_Household/Household/Products/2022/Q3/1001349_ALN-2_PD_Q3_WEB-AUDIT_388x314_2a.jpg,-1
Trimat Advanced Laundry Liquid 2L – Sensitive,$9.99,$5.00 per litre,https://www.aldi.com.au/fileadmin/fm-dam/Products/Groceries/Laundry_Household/Laundry/Products/Q1_2021/ALN3248_Q1_WEB-AUDIT__LAUNDRY__PD_388x314_3.jpg,-1
Power Force Active 5 Ball 35g,$3.49,$9.97 per 100g,https://www.aldi.com.au/fileadmin/fm-dam/Products/Groceries/Laundry_Household/Household/Products/2022/Q3/1001349_ALN-2_PD_Q3_WEB-AUDIT_388x314_23a.jpg,-1
Power Force Anti Bac Plus Surface Spray Disinfectant 300g,$3.89,$1.30 per 100g,https://www.aldi.com.au/fileadmin/fm-dam/Products/Groceries/Laundry_Household/Household/Products/2022/Q3/1001349_ALN-2_PD_Q3_WEB-AUDIT_388x314_20a.jpg,-1
Atlas Kill & Protect Fast Knockdown Flying Insect Spray 300g,$2.79,93c per 100g,https://www.aldi.com.au/fileadmin/fm-dam/Products/Groceries/Q-UPDATES/2021/Q4/PD/ALN3708_Q4-WEB_EXISTING_PD_388x314_3.jpg,-1
LACURA®Essentials Fine Balance Cleansing Wipes 30pk,$1.69,6c per wipe,https://www.aldi.com.au/fileadmin/fm-dam/images/The_Block/Fuelling_the_Block_2016/ALC7782_THE_BLOCK_PD_388x314_46.jpg,-1
Power Force Pro Bath & Shower Cleaner 750ml,$2.49,33c per 100ml,https://www.aldi.com.au/fileadmin/fm-dam/Products/Groceries/Q-UPDATES/2021/Q4/PD/ALN3708_Q4-WEB_EXISTING_PD_388x314_11.jpg,-1
LACURA®Skin Science Renew Day Cream 50ml,$9.99,$19.98 per 100ml,https://www.aldi.com.au/fileadmin/fm-dam/Products/Groceries/Beauty/Products/Q3/ALN3510_Q3_BEAUTY_PD_388x314_13.jpg,-1
LACURA®Essentials Make Up Rounds 80pk,$1.39,$1.74 per 100 rounds,https://www.aldi.com.au/fileadmin/fm-dam/Products/Groceries/Q-UPDATES/2021/Q4/PD/ALN3708_Q4-WEB_EXISTING_PD_388x314_19.jpg,-1
LACURA®Essential Cotton Tips 400 Pack,$3.49,87c per 100,https://www.aldi.com.au/fileadmin/fm-dam/Products/Groceries/Beauty/2022/Q1/Products/1000855_ALN-11_PD_Q1_WEB-AUDIT_388x314_25.jpg,-1
Logix Complete Dishwashing Tablets 30pk,$4.49,15c per tablet,https://www.aldi.com.au/fileadmin/fm-dam/Products/Groceries/Laundry_Household/Household/Products/2021/ALN3248_Q1_WEB-AUDIT__HOUSEHOLD__PD_388x314_1.jpg,-1
LACURA®Essentials Caring Cleansing Wipes 30pk,$1.69,6c per wipe,https://www.aldi.com.au/fileadmin/fm-dam/images/The_Block/Fuelling_the_Block_2016/ALC7782_THE_BLOCK_PD_388x314_47.jpg,-1
LACURA® Renew Expert Face Cream Day 50ml,$12.99,$25.98 per 100ml,https://www.aldi.com.au/fileadmin/fm-dam/Products/Groceries/Beauty/Products/Q3/ALN3510_Q3_BEAUTY_PD_388x314_6.jpg,-1
LACURA®Essentials Purify Exfoliating Wash 150ml,$3.79,$2.53 per 100ml,https://www.aldi.com.au/fileadmin/fm-dam/Products/Groceries/skin_care/ALP0614_WEB_AUDIT_2Q_LACURA_PD_388x314_.jpg,-1
LACURA®Essentials Fine Balance Foaming Cleansing Gel 150ml,$3.79,$2.53 per 100ml,https://www.aldi.com.au/fileadmin/fm-dam/Products/Groceries/skin_care/ALP0614_WEB_AUDIT_2Q_LACURA_PD_388x314_3.jpg,-1
LACURA®Skin Science Renew Serum 50ml,$9.99,$19.98 per 100ml,https://www.aldi.com.au/fileadmin/fm-dam/Products/Groceries/Beauty/Products/Q3/ALN3510_Q3_BEAUTY_PD_388x314_12.jpg,-1
LACURA® Revive Intensive Serum Night Elixir 30ml,$12.99,$43.30 per 100ml,https://www.aldi.com.au/fileadmin/fm-dam/Products/Groceries/Q-UPDATES/2021/Q4/PD/ALN3708_Q4-WEB_EXISTING_PD_388x314_12.jpg,-1
Tandil Ultra Concentrate Dishwashing Liquid 450ml,$1.79,40c per 100ml,https://www.aldi.com.au/fileadmin/fm-dam/Products/Groceries/Laundry_Household/Household/Products/Q4_2019/ALN2619_Q4_WEB_AUDIT_HOUSEHOLD_PD_388x314_6a.jpg,-1
LACURA®Anti-perspirant Women’s Aerosol 150g,$2.99,$1.99 per 100g,https://www.aldi.com.au/fileadmin/fm-dam/Products/Groceries/Beauty/2022/Q1/Products/1000855_ALN-11_PD_Q1_WEB-AUDIT_388x314_30a.jpg,-1
LACURA® Revive Intensive Serum Moisture Boost 15ml,$12.99,$86.60 per 100ml,https://www.aldi.com.au/fileadmin/fm-dam/Products/Groceries/Q-UPDATES/2021/Q4/PD/ALN3708_Q4-WEB_EXISTING_PD_388x314_14.jpg,-1
LACURA®Essentials Renew Cleansing Wipes 30pk,$1.69,6c per wipe,https://www.aldi.com.au/fileadmin/fm-dam/images/The_Block/Fuelling_the_Block_2016/ALC7782_THE_BLOCK_PD_388x314_49.jpg,-1
LACURA®Skin Science Renew Expert Wrinkle Smoother 15ml,$10.99,$73.27 per 100ml,https://www.aldi.com.au/fileadmin/fm-dam/Products/Groceries/skin_care/2019/ALN2147_Q4_SKIN-CARE_PD_388x314_10.jpg,-1
LACURA® Renew Expert Firming Eye Gel 15ml,$12.99,$86.60 per 100ml,https://www.aldi.com.au/fileadmin/fm-dam/Products/Groceries/Beauty/Products/Q3/ALN3510_Q3_BEAUTY_PD_388x314_8.jpg,-1
Power Force Pro Multi Purpose Cleaner 750ml,$1.89,25c per 100ml,https://www.aldi.com.au/fileadmin/fm-dam/Products/Groceries/Laundry_Household/Household/Products/ALN2853_AWARDS_HOUSEHOLD_PD_388x314_4a.jpg,-1
Confidence Absorbit Paper Towel 3ply 3pk,$2.99,$1.66 per 100 sheets,https://www.aldi.com.au/fileadmin/fm-dam/Products/Groceries/Laundry_Household/Household/Products/2022/Q4/1001605-6_PD_Q4_WEB-AUDIT_HOUSEHOLD_388x314_1.jpg,-1
LACURA® Revive Intensive Serum Hyaluronic Gel 30ml,$12.99,$43.30 per 100ml,https://www.aldi.com.au/fileadmin/fm-dam/Products/Groceries/Q-UPDATES/2021/Q4/PD/ALN3708_Q4-WEB_EXISTING_PD_388x314_13.jpg,-1
Logix Platinum Dishwashing Tablets 40pk,$7.49,19c per tablet,https://www.aldi.com.au/fileadmin/fm-dam/Products/Groceries/Laundry_Household/Household/Products/2021/ALN3248_Q1_WEB-AUDIT__HOUSEHOLD__PD_388x314_2.jpg,-1
LACURA®Purity Anti-perspirant Roll-on Deodorant 75ml,$2.99,$3.99 per 100ml,https://www.aldi.com.au/fileadmin/fm-dam/Products/Groceries/Beauty/2022/Q2/Products/1001137-2_ALN_Q2_WEB_AUDIT_PD_388x314_2a.jpg,-1
Power Force Pro Disinfectant Wipes 120pk,$3.49,$2.91 per 100 wipes,https://www.aldi.com.au/fileadmin/fm-dam/Products/Groceries/Laundry_Household/Household/Products/2022/Q3/1001349_ALN-2_PD_Q3_WEB-AUDIT_388x314_4a.jpg,-1
Atlas Kill & Protect High Performance Crawling Insect Spray 350g,$3.29,94c per 100g,https://www.aldi.com.au/fileadmin/fm-dam/Products/Groceries/Q-UPDATES/2021/Q4/PD/ALN3708_Q4-WEB_EXISTING_PD_388x314_10.jpg,-1
Power Force Pro Heavy Duty Cleaner 1.25L,$2.19,18c per 100ml,https://www.aldi.com.au/fileadmin/fm-dam/Products/Groceries/Laundry_Household/Household/Products/2022/Q3/1001349_ALN-2_PD_Q3_WEB-AUDIT_388x314_18a.jpg,-1
Power Force Gel Toilet Discs 75ml,$5.49,$7.32 per 100ml,https://www.aldi.com.au/fileadmin/fm-dam/Products/Groceries/Laundry_Household/Household/Products/2022/Q3/1001349_ALN-2_PD_Q3_WEB-AUDIT_388x314_19a.jpg,-1
LACURA® Renew Expert Face Cream Night 50ml,$12.99,$25.98 per 100ml,https://www.aldi.com.au/fileadmin/fm-dam/Products/Groceries/Beauty/Products/Q3/ALN3510_Q3_BEAUTY_PD_388x314_7.jpg,-1
Lacura Essentials Facial Cloth Masks 23ml,$2.69,$11.70 per 100ml,https://www.aldi.com.au/fileadmin/fm-dam/Products/Groceries/Q-UPDATES/2021/Q4/PD/ALN3708_Q4-WEB_NEW-PD_388x314_8a.jpg,-1
LACURA®Skin Science Renew Night Cream 50ml,$9.99,$19.98 per 100ml,https://www.aldi.com.au/fileadmin/fm-dam/Products/Groceries/Beauty/Products/Q3/ALN3510_Q3_BEAUTY_PD_388x314_14.jpg,-1
LACURA®Essentials Caring Cleansing Gel 150ml,$3.79,$2.53 per 100ml,https://www.aldi.com.au/fileadmin/fm-dam/Products/Groceries/skin_care/ALP0614_WEB_AUDIT_2Q_LACURA_PD_388x314_2.jpg,-1
LACURA®Skin Science Revitalise Expert Neck & Décolleté Serum 50ml,$11.99,$23.98 per 100ml,https://www.aldi.com.au/fileadmin/fm-dam/Products/Groceries/Beauty/Products/Q3/ALN3510_Q3_BEAUTY_PD_388x314_4.jpg,-1
LACURA®Skin Science Revitalise Expert Eye Cream 15ml,$11.99,$79.93 per 100ml,https://www.aldi.com.au/fileadmin/fm-dam/Products/Groceries/Beauty/Products/Q3/ALN3510_Q3_BEAUTY_PD_388x314_5.jpg,-1
https://www.aldi.com.au/en/groceries/beauty/beauty-detail/ps/p/lacura-naturals-pore-cleansing-clarifying-facial-s/, $0.00, xxx, 404
LACURA®Essentials Revitalise Cleansing Wipes 30pk,$1.69,6c per wipe,https://www.aldi.com.au/fileadmin/fm-dam/images/The_Block/Fuelling_the_Block_2016/ALC7782_THE_BLOCK_PD_388x314_48.jpg,-1
https://www.aldi.com.au/en/groceries/beauty/beauty-detail/ps/p/lacura-naturals-revitalising-facial-foaming-cleans/, $0.00, xxx, 404
LACURA® Revitalise Face Cream for Mature Skin – Day Cream 50ml,$9.99,$19.98 per 100ml,https://www.aldi.com.au/fileadmin/fm-dam/Products/Groceries/Beauty/Products/Q3/ALN3510_Q3_BEAUTY_PD_388x314_.jpg,-1
LACURA®Extract From Nature Purifying Facial Scrub 150ml,$5.49,$3.66 per 100ml,https://www.aldi.com.au/fileadmin/fm-dam/Products/Groceries/Beauty/2022/Q3/Products/1001349_ALN-2_PD_Q3_WEB-AUDIT_388x314_55a.jpg,-1
LACURA®Naturals Anti-Aging Serum with Ginger Extract & Silk Protein 30ml,$8.99,$29.97 per 100ml,https://www.aldi.com.au/fileadmin/fm-dam/Products/Groceries/skin_care/ALN1075_SKIN_CARE_UPDATE_PD_388x314_21.jpg,-1
LACURA®Naturals Anti-Aging Night Cream with Rice Bran Oil & Silk Protein 50ml,$8.99,$17.98 per 100ml,https://www.aldi.com.au/fileadmin/fm-dam/Products/Groceries/skin_care/ALN1075_SKIN_CARE_UPDATE_PD_388x314_23.jpg,-1
Prince®Shave Gel 198g,$3.79,$1.91 per 100g,https://www.aldi.com.au/fileadmin/_processed_/0/7/csm_1001829-5_Q1-WEB-AUDIT_BEAUTY_PD_388x314_9_RET_742467b68e.jpg,-1
LACURA® Revitalise Face Cream for Mature Skin – Night Cream 50ml,$9.99,$19.98 per 100ml,https://www.aldi.com.au/fileadmin/fm-dam/Products/Groceries/Beauty/Products/Q3/ALN3510_Q3_BEAUTY_PD_388x314_2.jpg,-1
PRINCE Anti-perspirant Men’s Aerosol 150g,$2.99,$2 per 100g,https://www.aldi.com.au/fileadmin/fm-dam/Products/Groceries/Beauty/2022/Q1/Products/1000855_ALN-11_PD_Q1_WEB-AUDIT_388x314_31a.jpg,-1
PRINCE Calibre Razor 6 blade system with 3 cartridges,$8.99,$8.99 each,https://www.aldi.com.au/fileadmin/fm-dam/Products/Groceries/Q-UPDATES/2021/Q4/PD/ALN3708_Q4-WEB_NEW-PD_388x314_13.jpg,-1
Prince Maximum 3 Blade Disposable Razors 8pk,$4.79,60c per unit,https://www.aldi.com.au/fileadmin/fm-dam/Products/Groceries/Beauty/2022/Q4/1001605-10_PD_Q4_WEB-AUDIT_BEAUTY_388x314_5.jpg,-1
Tricare Liquid Soap Refill 1L,$2.85,29c per 100ml,https://www.aldi.com.au/fileadmin/_processed_/1/0/csm_1001829-5_Q1-WEB-AUDIT_BEAUTY_PD_388x314_4a_RET_7dff70d549.jpg,-1
Lacura Naturals Premium Cleansing Wipes 25pk,$2.99,12c each,https://www.aldi.com.au/fileadmin/fm-dam/Products/Groceries/Q-UPDATES/2021/Q4/PD/ALN3708_Q4-WEB_NEW-PD_388x314_7a.jpg,-1
LACURA®Revitalise Mature Skin Serum 50ml,$9.99,$19.98 per 100ml,https://www.aldi.com.au/fileadmin/fm-dam/Products/Groceries/Beauty/Products/Q3/ALN3510_Q3_BEAUTY_PD_388x314_15.jpg,-1
Tricare Liquid Soap 250ml,$2.29,92c per 100ml,https://www.aldi.com.au/fileadmin/_processed_/1/e/csm_1001829-5_Q1-WEB-AUDIT_BEAUTY_PD_388x314_3a_RET_36a48cc38d.jpg,-1
LACURA®Beauty Foundation with Sunscreen,$5.99,$1.20 per 10ml,https://www.aldi.com.au/fileadmin/fm-dam/Products/Groceries/Beauty/2022/Q3/Products/1001349_ALN-2_PD_Q3_WEB-AUDIT_388x314_37a.jpg,-1
https://www.aldi.com.au/en/groceries/beauty/beauty-detail/ps/p/lacura-naturals-invigorating-exfoliating-facial-sc/, $0.00, xxx, 404
LACURA®Naturals Anti-Aging Eye Cream with Tiger Grass & Silk Protein 15ml,$8.99,$59.93 per 100ml,https://www.aldi.com.au/fileadmin/fm-dam/Products/Groceries/skin_care/ALN1075_SKIN_CARE_UPDATE_PD_388x314_22.jpg,-1
LACURA®Naturals Anti-Aging Day Cream with Liquorice Extract Oil & Silk Protein 50ml,$8.99,$17.98 per 100ml,https://www.aldi.com.au/fileadmin/fm-dam/Products/Groceries/skin_care/ALN1075_SKIN_CARE_UPDATE_PD_388x314_24.jpg,-1
LACURA® Skin Science Revitalise Expert Face Care Eye Cream 15ml,$12.99,$86.60 per 100ml,https://www.aldi.com.au/fileadmin/fm-dam/Products/Groceries/Award_Winning_Products/Health___Beauty/2021/Q3/ALN3510_Q3_BEAUTY_PD_388x314_5.jpg,-1
LACURA® Skin Science Revitalise Expert Face Care Day Cream 50ml,$12.99,$25.98 per 100ml,https://www.aldi.com.au/fileadmin/fm-dam/Products/Groceries/Beauty/Products/Q3/ALN3510_Q3_BEAUTY_PD_388x314_3.jpg,-1
Prince Calibre 6 Razor Cartridges 4pk,$8.99,$2.25 per unit,https://www.aldi.com.au/fileadmin/fm-dam/Products/Groceries/Beauty/2022/Q4/1001605-10_PD_Q4_WEB-AUDIT_BEAUTY_388x314_4.jpg,-1
LACURA® Skin Science Revitalise Expert Face Care Neck Cream 50ml,$12.99,$25.98 per 100ml,https://www.aldi.com.au/fileadmin/fm-dam/Products/Groceries/Award_Winning_Products/Health___Beauty/2021/Q3/ALN3510_Q3_BEAUTY_PD_388x314_4.jpg,-1
Prince®3 in 1 Shower Gel 1L,$3.99,40c per 100ml,https://www.aldi.com.au/fileadmin/_processed_/0/1/csm_1001829-5_Q1-WEB-AUDIT_BEAUTY_PD_388x314_8a_RET_bf53a8e8f9.jpg,-1
PRINCE Anti-perspirant Roll-on Deodorant 75ml,$2.69,$3.59 per 100ml,https://www.aldi.com.au/fileadmin/fm-dam/Products/Groceries/Beauty/2022/Q2/Products/1001137-2_ALN_Q2_WEB_AUDIT_PD_388x314_1a.jpg,-1
Juliet Soap Bar 5 Pack,$3.49,70c per 100g,https://www.aldi.com.au/fileadmin/_processed_/3/3/csm_1001829-5_Q1-WEB-AUDIT_BEAUTY_PD_388x314_5a_RET_10cf64ede4.jpg,-1
The Fresh Salad Co Baby Spinach & Rocket 120g,$1.99,$16.58 per kg,https://www.aldi.com.au/fileadmin/_processed_/5/4/csm_1002153_REDUCTIONS_R16_PD_388x314_1a_RET_3727302b3f.jpg,-1
Tricare Foaming Hand Wash Refill 500ml,$3.29,66c per 100ml,https://www.aldi.com.au/fileadmin/_processed_/c/a/csm_1001829-5_Q1-WEB-AUDIT_BEAUTY_PD_388x314_2a_RET_499f45793c.jpg,-1
Juliet®Shower Gel 500ml,$2.39,48c per 100ml,https://www.aldi.com.au/fileadmin/_processed_/9/d/csm_1001829-5_Q1-WEB-AUDIT_BEAUTY_PD_388x314_7a_RET_37409e13c1.jpg,-1
Natures Essence Organic Elements Shampoo or Conditioner 400ml,$2.99,75c per 100ml,https://www.aldi.com.au/fileadmin/fm-dam/Products/Groceries/Beauty/2022/Q4/1001605-10_PD_Q4_WEB-AUDIT_BEAUTY_388x314_6a.jpg,-1
Tricare Goat’s Milk Soap 3 pack,$3.99,$1.33 per 100g,https://www.aldi.com.au/fileadmin/fm-dam/Products/Groceries/Beauty/2022/Q1/Products/1000855_ALN-11_PD_Q1_WEB-AUDIT_388x314_26.jpg,-1
Verde Hand Wash Refill 1L,$8.49,85c per 100ml,https://www.aldi.com.au/fileadmin/fm-dam/Products/Groceries/Q-UPDATES/2021/Q4/PD/ALN3708_Q4-WEB_NEW-PD_388x314_12a.jpg,-1
Tricare®Family Soap 8pk,$2.29,29c per 100g,https://www.aldi.com.au/fileadmin/_processed_/8/d/csm_1001829-5_Q1-WEB-AUDIT_BEAUTY_PD_388x314_6_RET_451ae786ab.jpg,-1
Tricare Antibacterial Foaming Hand Wash 250ml,$2.49,$1.00 per 100ml,https://www.aldi.com.au/fileadmin/fm-dam/Products/Groceries/Beauty/2022/Q4/1001605-10_PD_Q4_WEB-AUDIT_BEAUTY_388x314_2a.jpg,-1
Farmwood Chicken Breast T-Rex Bites 1kg,$9.49,$9.49 per kg,https://www.aldi.com.au/fileadmin/_processed_/d/0/csm_1000341-12_REDUCTIONS_FUTURE-PRICE-_RND12__PD_388x314_2a_RET_897e38ce8d.jpg,-1
White Mill Cornflour 500g,$2.19,$4.38 ker pg,https://www.aldi.com.au/fileadmin/_processed_/8/9/csm_1002153_REDUCTIONS_R16_PD_388x314_5a_RET_6459ef89b4.jpg,-1
The Fresh Salad Co Rocket 120g,$1.99,$16.58 per kg,https://www.aldi.com.au/fileadmin/_processed_/b/1/csm_1002153_REDUCTIONS_R16_PD_388x314_2a_RET_f7bbc3171f.jpg,-1
Protane Hair Spray 400g,$3.99,87c per 100g,https://www.aldi.com.au/fileadmin/fm-dam/Products/Groceries/Beauty/2022/Q4/1001605-10_PD_Q4_WEB-AUDIT_BEAUTY_388x314_7.jpg,-1
Westacre Dairy Tasty Cheese Shredded 700g,$7.29,$10.41 per kg,https://www.aldi.com.au/fileadmin/_processed_/3/1/csm_1000341-14_REDUCTIONS_FUTURE-PRICE-_RND14__PD_388x314_1_28a5ab60fc.jpg,-1
The Fresh Salad Co Baby Leaf Blend 300g,$3.99,$13.30 per kg,https://www.aldi.com.au/fileadmin/_processed_/c/7/csm_1002153_REDUCTIONS_R16_PD_388x314_4a_RET_7a24140aca.jpg,-1
The Fresh Salad Co Baby Spinach 120g,$1.99,$16.58 per kg,https://www.aldi.com.au/fileadmin/_processed_/3/1/csm_1000341-15_REDUCTIONS_FUTURE-PRICE-_RND15__PD_388x314_1_RET_83dca3b397.jpg,-1
Ocean Royale Calamari Rings 400g,$4.49,$11.23 per kg,https://www.aldi.com.au/fileadmin/_processed_/b/e/csm_1000341-8_REDUCTIONS_FUTURE-PRICE-_RND8__PD_388x314_RET_2e643ecdb7.jpg,-1
The Fresh Salad Co Baby Spinach 280g,$3.99,$14.25 per kg,https://www.aldi.com.au/fileadmin/_processed_/3/1/csm_1000341-15_REDUCTIONS_FUTURE-PRICE-_RND15__PD_388x314_2_RET_4219fa8073.jpg,-1
The Fresh Salad Co Superleaf Salad Mix 120g,$1.99,$16.58 per kg,https://www.aldi.com.au/fileadmin/_processed_/b/c/csm_1002153_REDUCTIONS_R16_PD_388x314_3a_RET_9c03173606.jpg,-1
Jindurra Station Gravy Beef per kg,$16.99,$16.99 per kg,https://www.aldi.com.au/fileadmin/_processed_/8/b/csm_1000341-14_REDUCTIONS_FUTURE-PRICE-_RND14__PD_388x314_2_b81e656e9c.jpg,-1
Dominion Naturals Ropes 8pk/160g,$3.69,$2.31 per 100g,https://www.aldi.com.au/fileadmin/_processed_/a/4/csm_1000341-10_REDUCTIONS_FUTURE-PRICE-_RND10__PD_388x314_1a_RET_448611b632.jpg,-1
Protane Argan Oil or Coconut Milk Shampoo 400ml,$5.99,$1.50 per 100ml,https://www.aldi.com.au/fileadmin/fm-dam/Products/Groceries/Super_Savers/2022/Monthly/Q2_PRICE_JULY/1001272_ALN_JULY-SSV__B1__PD_388x314_24a.jpg,-1
Dominion Naturals Shapes 8pk/160g,$3.69,$2.31 per 100g,https://www.aldi.com.au/fileadmin/_processed_/c/3/csm_1000341-10_REDUCTIONS_FUTURE-PRICE-_RND10__PD_388x314_2a_RET_f56782e228.jpg,-1
Verde Hand Wash 500ml,$4.49,90c per 100ml,https://www.aldi.com.au/fileadmin/fm-dam/Products/Groceries/Q-UPDATES/2021/Q4/PD/ALN3708_Q4-WEB_NEW-PD_388x314_11a.jpg,-1
Ocean Royale Wild Raw Peeled Prawns 500g,$18.99,$37.98 per kg,https://www.aldi.com.au/fileadmin/fm-dam/images/Reductions/2023/Products/RND-7_MAR/1000341-7_REDUCTIONS_FUTURE-PRICE-_RND7__PD_388x314_.jpg,-1
The Cake Stall Muffin Bars 10pk/420g,$4.99,$1.19 per 100g,https://www.aldi.com.au/fileadmin/_processed_/5/2/csm_1000341-9_REDUCTIONS_FUTURE-PRICE-_RND9__PD_388x314_1a_RET_43890d291f.jpg,-1
Juliet Assorted Body Shower Gel 1L,$3.99,40c per 100ml,https://www.aldi.com.au/fileadmin/fm-dam/Products/Groceries/Beauty/2022/Q4/1001605-10_PD_Q4_WEB-AUDIT_BEAUTY_388x314_1a.jpg,-1
Ombra Sunscreen SPF50+ 100ml,$2.19,$2.19 per 100ml,https://www.aldi.com.au/fileadmin/fm-dam/Products/Groceries/Beauty/2022/Q1/Products/1000855_ALN-11_PD_Q1_WEB-AUDIT_388x314_27a.jpg,-1
Protane Argan Oil or Coconut Milk Conditioner 400ml,$5.99,$1.50 per 100ml,https://www.aldi.com.au/fileadmin/fm-dam/Products/Groceries/Super_Savers/2022/Monthly/Q2_PRICE_JULY/1001272_ALN_JULY-SSV__B1__PD_388x314_25a.jpg,-1
Forresters Roasted & Salted Macadamias 400g,$13.99,$34.98 per kg,https://www.aldi.com.au/fileadmin/fm-dam/images/Reductions/2023/Products/RND-5_FEB/1000341-5_REDUCTIONS_FUTURE-PRICE-_RND5__PD_388x314_.jpg,-1
Libra Extra Pads 14pk/12pk/10pk,$3.49,25c, 29c, 35c per pad,https://www.aldi.com.au/fileadmin/fm-dam/images/Reductions/2023/Products/RND-5_FEB/1000341-5_REDUCTIONS_FUTURE-PRICE-_RND5__PD_388x314_3a.jpg,-1
Elmsbury Crispy Microwave Sausage Roll 1pk/175g,$1.99,$1.14 per 100g,https://www.aldi.com.au/fileadmin/fm-dam/images/Reductions/2023/Products/RND-6_MAR/1000341-6_REDUCTIONS_FUTURE-PRICE-_RND6__PD_388x314_.jpg,-1
Inner Goodness Oat Milk 1L,$2.09,$2.09 per litre,https://www.aldi.com.au/fileadmin/fm-dam/images/Reductions/2023/Products/RND-3_FEB/1000341-1_REDUCTIONS_FUTURE-PRICE-_RND3__PD_388x314_.jpg,-1
Ocean Royale Cooked Prawn Cutlets 500g,$12.99,$25.98 per kg,https://www.aldi.com.au/fileadmin/fm-dam/images/Reductions/2023/Products/RND-6_MAR/1000341-6_REDUCTIONS_FUTURE-PRICE-_RND6__PD_388x314_3.jpg,-1
Libra Ultra Thin Pads 14pk/12pk/10pk,$3.49,25c, 29c, 35c per pad,https://www.aldi.com.au/fileadmin/fm-dam/images/Reductions/2023/Products/RND-5_FEB/1000341-5_REDUCTIONS_FUTURE-PRICE-_RND5__PD_388x314_2a.jpg,-1
Green Action Toilet Cleaner 700ml,$2.69,38c per 100ml,https://www.aldi.com.au/fileadmin/fm-dam/images/Reductions/2023/Products/RND-5_FEB/1000341-5_REDUCTIONS_FUTURE-PRICE-_RND5__PD_388x314_4.jpg,-1
Ocean Royale Salmon Wellington 280g,$6.99,$24.96 per kg,https://www.aldi.com.au/fileadmin/fm-dam/images/Reductions/2023/Products/RND-7_MAR/1000341-7_REDUCTIONS_FUTURE-PRICE-_RND7__PD_388x314_2.jpg,-1
My Dog Dog Food 85g,$1.09,$1.28 per 100g,https://www.aldi.com.au/fileadmin/fm-dam/images/Reductions/2023/Products/RND-6_MAR/1000341-6_REDUCTIONS_FUTURE-PRICE-_RND6__PD_388x314_2a.jpg,-1
Inner Goodness Unsweetened Almond Milk 1L,$2.39,$2.39 per litre,https://www.aldi.com.au/fileadmin/fm-dam/images/Reductions/2023/Products/RND-3_FEB/1000341-1_REDUCTIONS_FUTURE-PRICE-_RND3__PD_388x314_2.jpg,-1
Who Gives a Crap Bamboo Toilet Paper 12pk,$14.99,35c per 100 sheets,https://www.aldi.com.au/fileadmin/fm-dam/images/Reductions/2023/Products/RND-2_JAN/1000341-1_REDUCTIONS_FUTURE-PRICE-_RND2__PD_388x314_.jpg,-1
Power Force Disinfectant Wipes 100pk,$4.69,$4.69 per 100 wipes,https://www.aldi.com.au/fileadmin/fm-dam/images/Reductions/2023/Products/RND-3_FEB/1000341-1_REDUCTIONS_FUTURE-PRICE-_RND3__PD_388x314_3.jpg,-1
Westcliff Lime Cordial 1L,$2.09,$2.09 per Litre,https://www.aldi.com.au/fileadmin/fm-dam/images/Reductions/2022/Products/RND-22_NOV/ALN3726-44_REDUCTIONS_FUTURE-PRICE-_RND22__PD_388x314_5.jpg,-1
White Mill Self Raising Flour 1kg,$1.09,11c per 100g,https://www.aldi.com.au/fileadmin/fm-dam/images/Reductions/2022/Products/RND-8_JULY/ALN3726-16_REDUCTIONS_FUTURE-PRICE-_RND8__PD_388x314_2.jpg,-1
Willowton Free Range Fresh Whole Chicken per kg,$5.99,$5.99 per kg,https://www.aldi.com.au/fileadmin/fm-dam/images/Reductions/2022/Products/RND-19_OCT/ALN3726-38_REDUCTIONS_FUTURE-PRICE-_RND19__PD_388x314_1.jpg,-1
Goldenvale Rolled Oats 750g,$1.29,17c per 100g,https://www.aldi.com.au/fileadmin/fm-dam/images/Reductions/2022/Products/RND-8_JULY/ALN3726-16_REDUCTIONS_FUTURE-PRICE-_RND8__PD_388x314_4.jpg,-1
Remano Organic Pasta Sauce 500g,$2.19,44c per 100g,https://www.aldi.com.au/fileadmin/fm-dam/images/Reductions/2022/Products/RND-16_SEP/ALN3726-32_REDUCTIONS_FUTURE-PRICE-_RND16__PD_388x314_3a.jpg,-1
Berg Shredded Ham 2 x 150g,$3.79,$12.63 per kg,https://www.aldi.com.au/fileadmin/fm-dam/images/Reductions/2023/Products/RND-2_JAN/1000341-1_REDUCTIONS_FUTURE-PRICE-_RND2__PD_388x314_4.jpg,-1
Goldenvale Muesli 750g,$2.99,40c per 100g,https://www.aldi.com.au/fileadmin/fm-dam/images/Reductions/2022/Products/RND-18_SEP/ALN3726-36_REDUCTIONS_FUTURE-PRICE-_RND18__PD_388x314_1a.jpg,-1
Remano Large Shells 500g,currently unavailable,20c per 100g,https://www.aldi.com.au/fileadmin/fm-dam/images/Reductions/2022/Products/RND-14_AUG/ALN3726-28_REDUCTIONS_FUTURE-PRICE-_RND14__PD_388x314_4.jpg,-1
Colway Flavoured Mayonnaise 252g,$1.95,77c per 100g,https://www.aldi.com.au/fileadmin/fm-dam/images/Reductions/2022/Products/RND-20_OCT/ALN3726-40_REDUCTIONS_FUTURE-PRICE-_RND20__PD_388x314_2a.jpg,-1
Forresters Walnuts Natural 500g,$7.99,$15.98 per kg,https://www.aldi.com.au/fileadmin/fm-dam/images/Reductions/2022/Products/RND-22_NOV/ALN3726-44_REDUCTIONS_FUTURE-PRICE-_RND22__PD_388x314_1.jpg,-1
Westacre Dairy Tasty Cheese Shredded 250g,$4.49,$17.96 per kg,https://www.aldi.com.au/fileadmin/fm-dam/images/Reductions/2022/Products/RND-21_NOV/ALN3726-42_REDUCTIONS_FUTURE-PRICE-_RND21__PD_388x314_.jpg,-1
Forresters Natural Mixed Nuts 200g,$10.99,$21.98 per kg,https://www.aldi.com.au/fileadmin/fm-dam/images/Reductions/2022/Products/RND-22_NOV/ALN3726-44_REDUCTIONS_FUTURE-PRICE-_RND22__PD_388x314_3.jpg,-1
Forresters Natural Almonds 750g,$8.99,$11.99 per kg,https://www.aldi.com.au/fileadmin/fm-dam/images/Reductions/2022/Products/RND-17_SEP/ALN3726-34_REDUCTIONS_FUTURE-PRICE-_RND17__PD_388x314_2.jpg,-1
Taste Nation Marinated Pork Ribs 700g,$13.99,$19.99 per kg,https://www.aldi.com.au/fileadmin/fm-dam/images/Reductions/2023/Products/RND-1_JAN/1000341-1_REDUCTIONS_FUTURE-PRICE-_RND1__PD_388x314_.jpg,-1
Oh So Natural Wholefoods Paleo or LSA Mix 240g-250g,$2.79,$1.16 - $1.12 per 100g,https://www.aldi.com.au/fileadmin/fm-dam/images/Reductions/2022/Products/RND-23_DEC/ALN3726-45_REDUCTIONS_FUTURE-PRICE-_RND23__PD_388x314_3a.jpg,-1
Berg Diced Bacon Pieces 2 x 150g,$3.79,$12.63 per kg,https://www.aldi.com.au/fileadmin/fm-dam/images/Reductions/2023/Products/RND-2_JAN/1000341-1_REDUCTIONS_FUTURE-PRICE-_RND2__PD_388x314_5.jpg,-1
Who Gives a Crap Recycled Toilet Paper 12pk,$13.99,32c per 100 sheets,https://www.aldi.com.au/fileadmin/fm-dam/images/Reductions/2023/Products/RND-2_JAN/1000341-1_REDUCTIONS_FUTURE-PRICE-_RND2__PD_388x314_2.jpg,-1
Bakers Life Lower Carb High Protein Burger Buns 140g/2pk,$1.99,$1.42 per 100g,https://www.aldi.com.au/fileadmin/fm-dam/images/Reductions/2022/Products/RND-23_DEC/ALN3726-45_REDUCTIONS_FUTURE-PRICE-_RND23__PD_388x314_2.jpg,-1
Farmwood Chicken Breast Schnitzel 4pk/400g,$3.99,$9.98 per kg,https://www.aldi.com.au/fileadmin/fm-dam/images/Reductions/2023/Products/RND-2_JAN/1000341-1_REDUCTIONS_FUTURE-PRICE-_RND2__PD_388x314_3.jpg,-1
Forresters Cashews 200g,$3.99,$19.95 per kg,https://www.aldi.com.au/fileadmin/fm-dam/images/Reductions/2022/Products/RND-22_NOV/ALN3726-44_REDUCTIONS_FUTURE-PRICE-_RND22__PD_388x314_2a.jpg,-1
Westcliff Apple Raspberry Cordial 1L,$2.09,$2.09 per Litre,https://www.aldi.com.au/fileadmin/fm-dam/images/Reductions/2022/Products/RND-22_NOV/ALN3726-44_REDUCTIONS_FUTURE-PRICE-_RND22__PD_388x314_4.jpg,-1
#404 Page not found,currently unavailable,currently unavailable per each,https://www.aldi.com.au/fileadmin/fm-dam/social_bookmark_icons/facebook25.png,-1
White Mill Flour Plain 1kg,$1.09,11c per 100g,https://www.aldi.com.au/fileadmin/fm-dam/images/Reductions/2022/Products/RND-8_JULY/ALN3726-16_REDUCTIONS_FUTURE-PRICE-_RND8__PD_388x314_.jpg,-1
Diplomat English Breakfast Tea Bags 50pk,$1.99,$1.99 per 100g,https://www.aldi.com.au/fileadmin/fm-dam/images/Reductions/2022/Products/RND-15_SEP/ALN3726-30_REDUCTIONS_FUTURE-PRICE-_RND15__PD_388x314_3.jpg,-1
Forresters Dry Roasted Almonds 400g,$6.99,$17.48 per kg,https://www.aldi.com.au/fileadmin/fm-dam/images/Reductions/2022/Products/RND-17_SEP/ALN3726-34_REDUCTIONS_FUTURE-PRICE-_RND17__PD_388x314_.jpg,-1
Forresters Natural Macadamias 400g,$13.99,$34.98 per kg,https://www.aldi.com.au/fileadmin/fm-dam/images/Reductions/2023/Products/RND-3_FEB/1000341-1_REDUCTIONS_FUTURE-PRICE-_RND3__PD_388x314_4.jpg,-1
MAMIA Embossed Baby Wipes 80pk,$2.69,$3.36 per 100 wipes,https://www.aldi.com.au/fileadmin/_processed_/6/9/csm_ALN3726-48_REDUCTIONS_FUTURE-PRICE-_RND26__PD_388x314_2_2438e99d87.jpg,-1
Goldenvale Quick Oats 750g,$1.29,17c per 100g,https://www.aldi.com.au/fileadmin/fm-dam/images/Reductions/2022/Products/RND-8_JULY/ALN3726-16_REDUCTIONS_FUTURE-PRICE-_RND8__PD_388x314_3.jpg,-1
Choceur Dark Caramel Sea Salt Chocolate Block 200g,$3.49,$1.75 per 100g,https://www.aldi.com.au/fileadmin/fm-dam/Products/Groceries/chocolate/2022/Q4/Products/1001605-8_PD_Q4_WEB-AUDIT_CHOCOLATE_388x314_4.jpg,-1
Moser Roth Dark 85% Chocolate Block 125g,$2.99,$2.39 per 100g,https://www.aldi.com.au/fileadmin/fm-dam/Products/Groceries/chocolate/2022/Q4/Products/1001605-8_PD_Q4_WEB-AUDIT_CHOCOLATE_388x314_25.jpg,-1
Choceur White Chocolate Block 200g,$3.49,$1.75 per 100g,https://www.aldi.com.au/fileadmin/fm-dam/Products/Groceries/chocolate/2022/Q4/Products/1001605-8_PD_Q4_WEB-AUDIT_CHOCOLATE_388x314_7.jpg,-1
Remano Extra Virgin Olive Oil 3.78L,$34.99,93c per 100ml,https://www.aldi.com.au/fileadmin/_processed_/5/3/csm_1001829-1_Q1-WEB-AUDIT_OLIVE-OIL_PD_388x314_3_RET_b9730448e8.jpg,-1
Choceur Milk Coconut Chocolate Block 200g,$3.49,$1.75 per 100g,https://www.aldi.com.au/fileadmin/_processed_/9/f/csm_1001829-3_Q1-WEB-AUDIT_CHOCO_PD_388x314_1_RET_ac100bde35.jpg,-1
The Olive Tree Australian Extra Virgin Olive Oil Spray 225g,$3.69,$1.64 per 100g,https://www.aldi.com.au/fileadmin/_processed_/b/b/csm_1001829-1_Q1-WEB-AUDIT_OLIVE-OIL_PD_388x314_5_RET_d2fde56105.jpg,-1
Moser Roth Dark Sea Salt Chocolate Block 125g,$2.99,$2.39 per 100g,https://www.aldi.com.au/fileadmin/fm-dam/Products/Groceries/chocolate/2022/Q4/Products/1001605-8_PD_Q4_WEB-AUDIT_CHOCOLATE_388x314_26.jpg,-1
The Olive Tree Australian Extra Virgin Olive Oil 3L,$27.99,93 per 100ml,https://www.aldi.com.au/fileadmin/_processed_/8/0/csm_1001829-1_Q1-WEB-AUDIT_OLIVE-OIL_PD_388x314_2_RET_b3253f2fd7.jpg,-1
Choceur Fruit & Nut Chocolate Block 200g,$3.49,$1.75 per 100g,https://www.aldi.com.au/fileadmin/fm-dam/Products/Groceries/chocolate/2022/Q4/Products/1001605-8_PD_Q4_WEB-AUDIT_CHOCOLATE_388x314_1.jpg,-1
https://www.aldi.com.au/en/groceries/pantry/gluten-free/has-no-detail/ps/p/has-no-plain-flour-500g/, $0.00, xxx, 404
https://www.aldi.com.au/en/groceries/pantry/gluten-free/has-no-detail/ps/p/has-no-spirals-500g/, $0.00, xxx, 404
Choceur White Coconut Chocolate Block 200g,$3.49,$1.75 per 100g,https://www.aldi.com.au/fileadmin/_processed_/b/b/csm_1001829-3_Q1-WEB-AUDIT_CHOCO_PD_388x314_2_RET_d71fcee20e.jpg,-1
The Olive Tree Extra Virgin Olive Oil 1L,$10.99,$1.10 per 100ml,https://www.aldi.com.au/fileadmin/_processed_/0/5/csm_1001829-1_Q1-WEB-AUDIT_OLIVE-OIL_PD_388x314_1_RET_cd1f141e11.jpg,-1
https://www.aldi.com.au/en/groceries/pantry/gluten-free/has-no-detail/ps/p/has-no-cornflakes-375g/, $0.00, xxx, 404
https://www.aldi.com.au/en/groceries/pantry/gluten-free/has-no-detail/ps/p/has-no-self-raising-flour-500g/, $0.00, xxx, 404
https://www.aldi.com.au/en/groceries/pantry/gluten-free/has-no-detail/ps/p/has-no-spaghetti-500g/, $0.00, xxx, 404
Choceur Milk Mini Chocolate Bars 5 x 40g,$3.99,$2.00 per 100g,https://www.aldi.com.au/fileadmin/fm-dam/Products/Groceries/chocolate/2022/Q4/Products/1001605-8_PD_Q4_WEB-AUDIT_CHOCOLATE_388x314_18.jpg,-1
Choceur White Mini Chocolate Bars 5 x 40g,$3.99,$2.00 per 100g,https://www.aldi.com.au/fileadmin/fm-dam/Products/Groceries/chocolate/2022/Q4/Products/1001605-8_PD_Q4_WEB-AUDIT_CHOCOLATE_388x314_19.jpg,-1
Choceur Dark Peppermint Chocolate Block 205g,$3.49,$1.70 per 100g,https://www.aldi.com.au/fileadmin/fm-dam/Products/Groceries/chocolate/2022/Q4/Products/1001605-8_PD_Q4_WEB-AUDIT_CHOCOLATE_388x314_15.jpg,-1
Cobram Estate  Australia Extra Virgin Olive Oil 500ml,$9.99,$2 per 100ml,https://www.aldi.com.au/fileadmin/fm-dam/Products/Groceries/olive_oil/2022/Q4/Products/1001605-4_PD_Q4_WEB-AUDIT_PANTRY_388x314_3a.jpg,-1
Choceur Dark Mini Chocolate Bars 5 x 40g,$3.99,$2.00 per 100g,https://www.aldi.com.au/fileadmin/fm-dam/Products/Groceries/chocolate/2022/Q4/Products/1001605-8_PD_Q4_WEB-AUDIT_CHOCOLATE_388x314_17.jpg,-1
https://www.aldi.com.au/en/groceries/pantry/gluten-free/has-no-detail/ps/p/has-no-gluten-free-biscuits-180g/, $0.00, xxx, 404
Oh So Natural Virgin Olive Oil 500ml,$5.99,$1.20 per 100ml,https://www.aldi.com.au/fileadmin/_processed_/8/d/csm_1001829-1_Q1-WEB-AUDIT_OLIVE-OIL_PD_388x314_6_RET_bc4ef5a160.jpg,-1
Choceur Milk & White Chocolate Block 200g,$3.49,$1.75 per 100g,https://www.aldi.com.au/fileadmin/fm-dam/Products/Groceries/chocolate/2022/Q4/Products/1001605-8_PD_Q4_WEB-AUDIT_CHOCOLATE_388x314_3.jpg,-1
Choceur Rum Raisin & Nut Chocolate Block 200g,$3.49,$1.75 per 100g,https://www.aldi.com.au/fileadmin/fm-dam/Products/Groceries/chocolate/2022/Q4/Products/1001605-8_PD_Q4_WEB-AUDIT_CHOCOLATE_388x314_2.jpg,-1
Choceur Milk Hazelnut Chocolate Block 200g,$3.49,$1.75 per 100g,https://www.aldi.com.au/fileadmin/fm-dam/Products/Groceries/chocolate/2022/Q4/Products/1001605-8_PD_Q4_WEB-AUDIT_CHOCOLATE_388x314_11.jpg,-1
Choceur Caramel Filled Milk Chocolate Block 200g,$3.49,$1.75 per 100g,https://www.aldi.com.au/fileadmin/fm-dam/Products/Groceries/chocolate/2022/Q4/Products/1001605-8_PD_Q4_WEB-AUDIT_CHOCOLATE_388x314_5.jpg,-1
Choceur Dark Chocolate Block 200g,$3.49,$1.75 per 100g,https://www.aldi.com.au/fileadmin/fm-dam/Products/Groceries/chocolate/2022/Q4/Products/1001605-8_PD_Q4_WEB-AUDIT_CHOCOLATE_388x314_13.jpg,-1
Choceur Marzipan Mini Chocolate Bars 5 x 40g,$3.99,$2.00 per 100g,https://www.aldi.com.au/fileadmin/fm-dam/Products/Groceries/chocolate/2022/Q4/Products/1001605-8_PD_Q4_WEB-AUDIT_CHOCOLATE_388x314_21.jpg,-1
Choceur Dark Almond Chocolate Block 200g,$3.49,$1.75 per 100g,https://www.aldi.com.au/fileadmin/_processed_/2/e/csm_1001829-3_Q1-WEB-AUDIT_CHOCO_PD_388x314_3_RET_f4c1729a1d.jpg,-1
https://www.aldi.com.au/en/groceries/pantry/gluten-free/has-no-detail/ps/p/has-no-cocoa-puffs-cereal-475g/, $0.00, xxx, 404
Choceur Salted Pretzel Chocolate Block 200g,$3.49,$1.75 per 100g,https://www.aldi.com.au/fileadmin/fm-dam/Products/Groceries/chocolate/2022/Q4/Products/1001605-8_PD_Q4_WEB-AUDIT_CHOCOLATE_388x314_9.jpg,-1
https://www.aldi.com.au/en/groceries/pantry/gluten-free/has-no-detail/ps/p/has-no-gluten-free-coconut-macaroons-160g-1/, $0.00, xxx, 404
Moser Roth Dark Sea Salt Caramel Chocolate Block 125g,$2.99,$2.39 per 100g,https://www.aldi.com.au/fileadmin/fm-dam/Products/Groceries/chocolate/2022/Q4/Products/1001605-8_PD_Q4_WEB-AUDIT_CHOCOLATE_388x314_29.jpg,-1
Moser Roth Orange & Almond Chocolate Block 125g,$2.49,$1.99 per 100g,https://www.aldi.com.au/fileadmin/fm-dam/Products/Groceries/chocolate/2022/Q4/Products/1001605-8_PD_Q4_WEB-AUDIT_CHOCOLATE_388x314_22.jpg,-1
Choceur Coffee & Cream Chocolate Block 200g,$3.49,$1.75 per 100g,https://www.aldi.com.au/fileadmin/fm-dam/Products/Groceries/chocolate/2022/Q4/Products/1001605-8_PD_Q4_WEB-AUDIT_CHOCOLATE_388x314_6.jpg,-1
Remano Extra Virgin Olive Oil 750ml,$7.69,$1.03 per 100ml,https://www.aldi.com.au/fileadmin/_processed_/5/d/csm_1001829-1_Q1-WEB-AUDIT_OLIVE-OIL_PD_388x314_7_RET_90c434ea51.jpg,-1
Choceur Crunchy Salted Caramel Chocolate Block 200g,$3.49,$1.75 per 100g,https://www.aldi.com.au/fileadmin/fm-dam/Products/Groceries/chocolate/2022/Q4/Products/1001605-8_PD_Q4_WEB-AUDIT_CHOCOLATE_388x314_8.jpg,-1
Choceur Hazelnut Crème Mini Chocolate Bars 5 x 40g,$3.99,$2.00 per 100g,https://www.aldi.com.au/fileadmin/fm-dam/Products/Groceries/chocolate/2022/Q4/Products/1001605-8_PD_Q4_WEB-AUDIT_CHOCOLATE_388x314_20.jpg,-1
https://www.aldi.com.au/en/groceries/pantry/gluten-free/has-no-detail/ps/p/gluten-free-penne-500g/, $0.00, xxx, 404
Moser Roth Dark Hazelnut Chocolate Block 125g,$2.49,$1.99 per 100g,https://www.aldi.com.au/fileadmin/fm-dam/Products/Groceries/chocolate/2022/Q4/Products/1001605-8_PD_Q4_WEB-AUDIT_CHOCOLATE_388x314_23.jpg,-1
Choceur Hazelnut Mini Chocolate Bars 5 x 40g,$3.99,$2.00 per 100g,https://www.aldi.com.au/fileadmin/fm-dam/Products/Groceries/chocolate/2022/Q4/Products/1001605-8_PD_Q4_WEB-AUDIT_CHOCOLATE_388x314_16.jpg,-1
Moser Roth Dark Raspberry Almond Chocolate Block 125g,$2.99,$2.39 per 100g,https://www.aldi.com.au/fileadmin/_processed_/c/5/csm_1001829-3_Q1-WEB-AUDIT_CHOCO_PD_388x314_9_RET_a66d89f522.jpg,-1
Moser Roth Dark 70% Chocolate Block 125g,$2.49,$1.99 per 100g,https://www.aldi.com.au/fileadmin/fm-dam/Products/Groceries/chocolate/2022/Q4/Products/1001605-8_PD_Q4_WEB-AUDIT_CHOCOLATE_388x314_24.jpg,-1
Choceur Milk Chocolate Block 200g,$3.49,$1.75 per 100g,https://www.aldi.com.au/fileadmin/fm-dam/Products/Groceries/chocolate/2022/Q4/Products/1001605-8_PD_Q4_WEB-AUDIT_CHOCOLATE_388x314_12.jpg,-1
Remano Olive Oil 1L,$7.99,80c per 100ml,https://www.aldi.com.au/fileadmin/_processed_/b/7/csm_1001829-1_Q1-WEB-AUDIT_OLIVE-OIL_PD_388x314_4a_RET_a0fcbd92f3.jpg,-1
Choceur Milk Almond Chocolate Block 200g,$3.49,$1.75 per 100g,https://www.aldi.com.au/fileadmin/fm-dam/Products/Groceries/chocolate/2022/Q4/Products/1001605-8_PD_Q4_WEB-AUDIT_CHOCOLATE_388x314_14.jpg,-1
Ironbark Pork Mince 500g,$3.99,$7.98 per kg,https://www.aldi.com.au/fileadmin/fm-dam/images/Reductions/2022/Products/RND-8_JULY/ALN3726-16_REDUCTIONS_FUTURE-PRICE-_RND8__PD_388x314_6.jpg,-1
Choceur Dark Hazelnut Chocolate Block 200g,$3.49,$1.75 per 100g,https://www.aldi.com.au/fileadmin/fm-dam/Products/Groceries/chocolate/2022/Q4/Products/1001605-8_PD_Q4_WEB-AUDIT_CHOCOLATE_388x314_10.jpg,-1
Moser Roth Dark Mint Chocolate Block 125g,$2.99,$2.39 per 100g,https://www.aldi.com.au/fileadmin/_processed_/5/a/csm_1001829-3_Q1-WEB-AUDIT_CHOCO_PD_388x314_8_RET_1135793462.jpg,-1
Moser Roth Milk Chocolate Block 125g,$2.99,$2.39 per 100g,https://www.aldi.com.au/fileadmin/_processed_/4/e/csm_1001829-3_Q1-WEB-AUDIT_CHOCO_PD_388x314_10_RET_728628f3d5.jpg,-1
Moser Roth Madagascan Vanilla Chocolate Block 125g,$2.99,$2.39 per 100g,https://www.aldi.com.au/fileadmin/_processed_/2/a/csm_1001829-3_Q1-WEB-AUDIT_CHOCO_PD_388x314_11_RET_d40a0b7502.jpg,-1
Just Organic Dark Chocolate 100g,$2.99,$2.99 per 100g,https://www.aldi.com.au/fileadmin/_processed_/7/8/csm_1001829-3_Q1-WEB-AUDIT_CHOCO_PD_388x314_4_RET_44e8fb16bf.jpg,-1
Dairy Fine Titan Chocolate Bar Sharepack 216g,$3.29,$1.52 per 100g,https://www.aldi.com.au/fileadmin/fm-dam/Products/Groceries/Q-UPDATES/2021/Q4/PD/ALN3708_Q4-WEB_NEW-PD_388x314_3.jpg,-1
Dairy Fine Chocolate Munchers 180g,$2.99,$1.66 per 100g,https://www.aldi.com.au/fileadmin/fm-dam/Products/Groceries/Q-UPDATES/2021/Q4/PD/ALN3708_Q4-WEB_NEW-PD_388x314_4.jpg,-1
Knoppers 8pk/200g,$3.99,$2 per 100g,https://www.aldi.com.au/fileadmin/fm-dam/Products/Groceries/Q-UPDATES/2021/Q4/PD/ALN3708_Q4-WEB_NEW-PD_388x314_1.jpg,-1
Dairy Fine Romeo Chocolate Bar Sharepack 216g,$3.29,$1.52 per 100g,https://www.aldi.com.au/fileadmin/fm-dam/Products/Groceries/Q-UPDATES/2021/Q4/PD/ALN3708_Q4-WEB_NEW-PD_388x314_2.jpg,-1
Expressi Abruzzo,$6.99,44c per capsule,https://www.aldi.com.au/fileadmin/_processed_/f/4/csm_1001829-7_Q1-WEB-AUDIT_COFFEE_PD_388x314_3_RET_5bbacaaf22.jpg,-1
Just Organic Dark Chocolate with Sea Salt 100g,$2.99,$2.99 per 100g,https://www.aldi.com.au/fileadmin/_processed_/b/6/csm_1001829-3_Q1-WEB-AUDIT_CHOCO_PD_388x314_5_RET_b3a4a1165e.jpg,-1
Dairy Fine Racer Chocolate Bar Sharepack 216g,$3.29,$1.52 per 100g,https://www.aldi.com.au/fileadmin/fm-dam/Products/Groceries/Q-UPDATES/2021/Q4/PD/ALN3708_Q4-WEB_NEW-PD_388x314_6a.jpg,-1
Expressi Renzo,$6.99,44c per capsule,https://www.aldi.com.au/fileadmin/_processed_/1/a/csm_1001829-7_Q1-WEB-AUDIT_COFFEE_PD_388x314_7_RET_c31bfb9246.jpg,-1
Dairy Fine Double Time Sharepack 180g,$3.29,$1.83 per 100g,https://www.aldi.com.au/fileadmin/fm-dam/Products/Groceries/chocolate/2022/Q1/Products/1000855_ALN-11_PD_Q1_WEB-AUDIT_388x314_54.jpg,-1
Dairy Fine Peanut Munchers 180g,$2.99,$1.66 per 100g,https://www.aldi.com.au/fileadmin/fm-dam/Products/Groceries/Q-UPDATES/2021/Q4/PD/ALN3708_Q4-WEB_NEW-PD_388x314_5.jpg,-1
Expressi Calabrese,$6.99,44c per capsule,https://www.aldi.com.au/fileadmin/_processed_/8/7/csm_1001829-7_Q1-WEB-AUDIT_COFFEE_PD_388x314_2_RET_2e574fe19b.jpg,-1
Expressi Intenzo,$6.99,44c per capsule,https://www.aldi.com.au/fileadmin/_processed_/d/1/csm_1001829-7_Q1-WEB-AUDIT_COFFEE_PD_388x314_1_RET_39a07af6bc.jpg,-1
Expressi Milano,$6.99,44c per capsule,https://www.aldi.com.au/fileadmin/_processed_/2/4/csm_1001829-7_Q1-WEB-AUDIT_COFFEE_PD_388x314_5_RET_0395c87e66.jpg,-1
Dairy Fine Dreemy Sharepack 216g,$3.29,$1.52 per 100g,https://www.aldi.com.au/fileadmin/fm-dam/Products/Groceries/chocolate/2022/Q1/Products/1000855_ALN-11_PD_Q1_WEB-AUDIT_388x314_24.jpg,-1
Expressi Torino,$6.99,44c per capsule,https://www.aldi.com.au/fileadmin/_processed_/c/9/csm_1001829-7_Q1-WEB-AUDIT_COFFEE_PD_388x314_4_RET_e6bb7a435f.jpg,-1
Expressi Reggio,$6.99,44c per capsule,https://www.aldi.com.au/fileadmin/_processed_/6/8/csm_1001829-7_Q1-WEB-AUDIT_COFFEE_PD_388x314_6_RET_0ad8a550cb.jpg,-1
EXPRESSI Coffee Capsule Machine – One,$79.99,$79.99 per each,https://www.aldi.com.au/fileadmin/fm-dam/Products/Groceries/coffee/Expressi_2021/ALN3248_Q1_WEB-AUDIT__COFFEE__PD_388x314.jpg,-1
Kapiti Sticky Date & Spiced Caramel Ice Cream 1L,$7.99,80c per 100ml,https://www.aldi.com.au/fileadmin/_processed_/2/d/csm_1001961-1_SEASONAL_PD_388x314_B3_15a_RET_327e73ecfe.jpg,-1
Mr Rice Rice Noodles Thai or Vermicelli 200g/250g,$1.39,70c/56c per 100g,https://www.aldi.com.au/fileadmin/_processed_/b/2/csm_1001961-1_SEASONAL_PD_388x314_B3_2a_RET_8fe1e9021c.jpg,-1
Specially Selected Mocha, Coffee Syrup & Cookie Crumb 6pk/360ml,$5.99,$1.66 per 100ml,https://www.aldi.com.au/fileadmin/_processed_/7/d/csm_1001961-1_SEASONAL_PD_388x314_B3_13a_RET_62fcef70e0.jpg,-1
Monarc Silver Scoop Choc Chip Mint 2L,$5.69,29c per 100ml,https://www.aldi.com.au/fileadmin/_processed_/f/4/csm_1001961-1_SEASONAL_PD_388x314_B3_12a_RET_5df9baf3c1.jpg,-1
Gippsland Dairy Passionfruit Twist Yogurt 700g,$5.99,86c per 100g,https://www.aldi.com.au/fileadmin/_processed_/d/a/csm_1001961-1_SEASONAL_PD_388x314_B3_8a_RET_8f7e456649.jpg,-1
McVitie's Digestives Choc Tops Milk Chocolate 100g,$1.59,$1.59 per 100g,https://www.aldi.com.au/fileadmin/_processed_/e/9/csm_1001961-1_SEASONAL_PD_388x314_B2_2_RET_289d6cd75a.jpg,-1
The Fresh Veggie Co Teriyaki Stir Fry Kit 350g,$3.99,$11.40 per kg,https://www.aldi.com.au/fileadmin/_processed_/a/5/csm_1001961-1_SEASONAL_PD_388x314_B3_19a_RET_6e7ec27193.jpg,-1
Farmers Union Est 1888 Greek Yogurt Pouch Mango 130g,$1.29,99c per 100g,https://www.aldi.com.au/fileadmin/_processed_/e/9/csm_1001961-1_SEASONAL_PD_388x314_B3_7a_RET_85c951e833.jpg,-1
EXPRESSI Milk Frother,$31.99,$31.99 per each,https://www.aldi.com.au/fileadmin/fm-dam/Products/Groceries/coffee/ALC7235_PD_388x314_9.jpg,-1
Milfina Mix Bix Variety Pack 8pk/631ml,$4.99,79c per 100ml,https://www.aldi.com.au/fileadmin/_processed_/0/8/csm_1001961-1_SEASONAL_PD_388x314_B3_16a_RET_ae56ec55c0.jpg,-1
Sweet Sensations Peanut Brittle or Butter Fudge 125g-150g,$3.99,$3.19-$2.66 per 100g,https://www.aldi.com.au/fileadmin/_processed_/8/b/csm_1001961-1_SEASONAL_PD_388x314_B3_1a_RET_347c64cbf4.jpg,-1
McVitie's Penguin Biscuit Bars 6pk,$2.99,$2.03 per 100g,https://www.aldi.com.au/fileadmin/_processed_/3/9/csm_1001961-1_SEASONAL_PD_388x314_B2_4_RET_f832558d7d.jpg,-1
Expressi Valletta,$6.99,44c per capsule,https://www.aldi.com.au/fileadmin/_processed_/d/c/csm_1001829-7_Q1-WEB-AUDIT_COFFEE_PD_388x314_10_RET_273e63bb34.jpg,-1
Belmont Biscuit Co. Mini Melting Moments Passionfruit 120g,$3.29,$2.74 per 100g,https://www.aldi.com.au/fileadmin/_processed_/1/3/csm_1001961-1_SEASONAL_PD_388x314_B3_5a_RET_a875d433b2.jpg,-1
Bertie Beetle Mini Choc Sticks 6pk/360ml,$4.99,$1.39 per 100ml,https://www.aldi.com.au/fileadmin/_processed_/8/b/csm_1001961-1_SEASONAL_PD_388x314_B3_11a_RET_b9fc6345e7.jpg,-1
Chefs’ Cupboard Slow Cooker Recipe Bases 40g,$1.49,37c per 10g,https://www.aldi.com.au/fileadmin/_processed_/6/b/csm_1001961-1_SEASONAL_PD_388x314_B3_9a_RET_5442b36acb.jpg,-1
Milfina Plat-A-Pops Bubblegum 10pk/700ml,$4.99,71c per 100ml,https://www.aldi.com.au/fileadmin/_processed_/3/1/csm_1001961-1_SEASONAL_PD_388x314_B3_14a_RET_109fa8165e.jpg,-1
Expressi Rich Hot Chocolate,$6.99,44c per capsule,https://www.aldi.com.au/fileadmin/_processed_/2/b/csm_1001829-7_Q1-WEB-AUDIT_COFFEE_PD_388x314_12_RET_0b8cdbcd5a.jpg,-1
Koka Spicy Prawn Noodles 425g,$3.99,94c per 100g,https://www.aldi.com.au/fileadmin/_processed_/c/e/csm_1001961-1_SEASONAL_PD_388x314_B3_4a_RET_17987d822e.jpg,-1
McVitie's Digestives Choc Tops Dark Chocolate 100g,$1.59,$1.59 per 100g,https://www.aldi.com.au/fileadmin/_processed_/7/0/csm_1001961-1_SEASONAL_PD_388x314_B2_3_RET_789f9c9a2a.jpg,-1
Expressi Decaffi,$6.99,44c per capsule,https://www.aldi.com.au/fileadmin/_processed_/a/5/csm_1001829-7_Q1-WEB-AUDIT_COFFEE_PD_388x314_9_RET_2a51d76c54.jpg,-1
Sweet Haven Strudels Assorted Varieties 600g,$5.49,92c per 100g,https://www.aldi.com.au/fileadmin/_processed_/a/d/csm_1001961-1_SEASONAL_PD_388x314_B3_17a_RET_415e080d5b.jpg,-1
Belmont Biscuit Co. Jam Daisies 6pk/200g,$2.99,$1.50 per 100g,https://www.aldi.com.au/fileadmin/_processed_/a/1/csm_1001961-1_SEASONAL_PD_388x314_B3_6a_RET_25fe7f3988.jpg,-1
McVitie's Digestive Thins Dark Chocolate 150g,$2.99,$1.99 per 100g,https://www.aldi.com.au/fileadmin/_processed_/2/f/csm_1001961-1_SEASONAL_PD_388x314_B2_6_RET_0aad959d21.jpg,-1
Expressi Tauro,$6.99,44c per capsule,https://www.aldi.com.au/fileadmin/_processed_/1/a/csm_1001829-7_Q1-WEB-AUDIT_COFFEE_PD_388x314_11_RET_071c7fb38c.jpg,-1
Knoppers NutBar 3pk 120g,$1.99,$1.66 per 100g,https://www.aldi.com.au/fileadmin/_processed_/3/0/csm_1001961-1_SEASONAL_PD_388x314_B2_1_RET_1e4bb95126.jpg,-1
Koka Spicy Beef Noodles 425g,$3.99,94c per 100g,https://www.aldi.com.au/fileadmin/_processed_/e/5/csm_1001961-1_SEASONAL_PD_388x314_B3_3a_RET_b0e2eb0ddd.jpg,-1
McVitie's Digestive Thins Milk Chocolate 150g,$2.99,$1.99 per 100g,https://www.aldi.com.au/fileadmin/_processed_/a/4/csm_1001961-1_SEASONAL_PD_388x314_B2_5_RET_82778ee711.jpg,-1
Expressi Organic,$6.99,44c per capsule,https://www.aldi.com.au/fileadmin/_processed_/0/9/csm_1001829-7_Q1-WEB-AUDIT_COFFEE_PD_388x314_8_RET_d01bcdc607.jpg,-1
The Soup Co. Minestrone or Veg Soup 500g-505g,$1.89,37c/39c per 100g,https://www.aldi.com.au/fileadmin/_processed_/b/c/csm_1001961-1_SEASONAL_PD_388x314_B3_18a_RET_184714b503.jpg,-1
Schulstad Mini Croissants 8pk/160g,$3.49,$2.18 per 100g,https://www.aldi.com.au/fileadmin/_processed_/4/f/csm_1001961-1_SEASONAL_PD_388x314_B2_8_RET_e7b7948c12.jpg,-1
Chobani Oat Yogurt Strawberry 150g,$2.69,$1.79 per 100g,https://www.aldi.com.au/fileadmin/_processed_/c/a/csm_1001961-1_SEASONAL_PD_388x314_B2_9_RET_19cdaad6e8.jpg,-1
Streets Viennetta Birthday Cake 650ml,$5.99,92c per 100ml,https://www.aldi.com.au/fileadmin/_processed_/1/5/csm_1001961-1_SEASONAL_PD_388x314_B2_10_RET_69a45e3a69.jpg,-1
Hart & Soul Pouched Soups 400g,$3.99,$1.00 per 100g,https://www.aldi.com.au/fileadmin/_processed_/b/b/csm_1001961-1_SEASONAL_PD_388x314_42a_RET_d347442369.jpg,-1
Bakers Life Spiced Fruit Buns 450g 6pk,$3.69,62c each,https://www.aldi.com.au/fileadmin/_processed_/6/d/csm_1001961-1_SEASONAL_PD_388x314_17a_RET_1b345ee559.jpg,-1
Diego's Street Taco 15pk/450g,$3.99,89c per 100g,https://www.aldi.com.au/fileadmin/_processed_/c/b/csm_1001961-1_SEASONAL_PD_388x314_B2_12_RET_9cc068f1d4.jpg,-1
Forresters Bar Mix 375g,$3.99,$10.64 per kg,https://www.aldi.com.au/fileadmin/_processed_/4/f/csm_1001961-1_SEASONAL_PD_388x314_41a_RET_67c0287038.jpg,-1
Streets Cyclone 6pk/516ml,$5.99,$1.16 per 100ml,https://www.aldi.com.au/fileadmin/_processed_/2/a/csm_1001961-1_SEASONAL_PD_388x314_B2_11_RET_b494c61f27.jpg,-1
Ocean Royale Panko Prawns 300g,$6.99,$23.30 per kg,https://www.aldi.com.au/fileadmin/_processed_/1/1/csm_1001961-1_SEASONAL_PD_388x314_36a_RET_52c2ecdaae.jpg,-1
Moccona Coffee Sachets 20pk,$7.99,40c per sachet,https://www.aldi.com.au/fileadmin/_processed_/b/a/csm_1001961-1_SEASONAL_PD_388x314_27a_RET_1c73ca1b12.jpg,-1
Dairy Fine Drinking Chocolate 400g,$2.99,75c per 100g,https://www.aldi.com.au/fileadmin/_processed_/8/2/csm_1001961-1_SEASONAL_PD_388x314_2a_RET_f34039e3af.jpg,-1
Expressi Chai Latte Capsules 16pk,$6.99,44c per capsule,https://www.aldi.com.au/fileadmin/_processed_/e/b/csm_1001961-1_SEASONAL_PD_388x314_4a_RET_f8040130a7.jpg,-1
Ocean Rise Smoked Sardine Sprats Oil, Hot Chilli or Tomato Sauce 110g,$2.49,$22.64 per kg,https://www.aldi.com.au/fileadmin/_processed_/b/a/csm_1001961-1_SEASONAL_PD_388x314_15a_RET_b8c64e1cc1.jpg,-1
Harvest Snaps Salt & Vinegar 200g,$5.49,$2.75 per 100g,https://www.aldi.com.au/fileadmin/_processed_/9/f/csm_1001961-1_SEASONAL_PD_388x314_24a_RET_b15b3ca6ec.jpg,-1
New Season Whole Baby Beets 330g,$1.99,$6.03 per kg,https://www.aldi.com.au/fileadmin/_processed_/1/e/csm_1001961-1_SEASONAL_PD_388x314_12a_RET_6b406ab11e.jpg,-1
Expressi Caramel Mocha Coffee Capsules 16pk,$6.99,44c per capsule,https://www.aldi.com.au/fileadmin/_processed_/e/2/csm_1001961-1_SEASONAL_PD_388x314_5a_RET_e1a186bf0a.jpg,-1
Urban Eats Pho Bowl Chicken or Vegetable 75g,$1.99,$2.65 per 100g,https://www.aldi.com.au/fileadmin/_processed_/4/2/csm_1001961-1_SEASONAL_PD_388x314_9a_RET_b28c9cd5ab.jpg,-1
McKormick Air Fryer Seasonings 85g/95g,$2.29,27c/24c per 10g,https://www.aldi.com.au/fileadmin/_processed_/5/7/csm_1001961-1_SEASONAL_PD_388x314_43a_RET_395dfd7564.jpg,-1
Emporium Selection Crumbed Camembert with Cranberry Dip 200g,$4.49,$22.45 per kg,https://www.aldi.com.au/fileadmin/_processed_/9/a/csm_1001961-1_SEASONAL_PD_388x314_19a_RET_2fd9518871.jpg,-1
Farmwood Southern Style Chicken Tenders 1kg,$9.99,$9.99 per kg,https://www.aldi.com.au/fileadmin/_processed_/6/6/csm_1001961-1_SEASONAL_PD_388x314_34a_RET_26f5178941.jpg,-1
White Mill Self Saucing Pudding Mix Chocolate, Butterscotch or Sticky Date 260g,$1.99,77c per 100g,https://www.aldi.com.au/fileadmin/_processed_/f/a/csm_1001961-1_SEASONAL_PD_388x314_16a_RET_e798ccd2d9.jpg,-1
Seasons Pride Potato Pommes 350g,$3.49,$9.97 per kg,https://www.aldi.com.au/fileadmin/_processed_/4/7/csm_1001961-1_SEASONAL_PD_388x314_32a_RET_09815e9931.jpg,-1
Juice Lab Immunity Shots 180ml,$5.99,$33.28 per 100g,https://www.aldi.com.au/fileadmin/_processed_/8/5/csm_1001961-1_SEASONAL_PD_388x314_B3_10a_RET_f10b1c12e1.jpg,-1
Dairy Fine Milk Chocolate Bites Coated Salted Pretzel or Peanut & Flake Clusters 100-110g,$2.49,$2.49 - $2.26 per 100g,https://www.aldi.com.au/fileadmin/_processed_/6/5/csm_1001961-1_SEASONAL_PD_388x314_21a_RET_03fc1a7f53.jpg,-1
Milfina Tropical Stackerz 8pk/530ml,$4.99,94c per 100ml,https://www.aldi.com.au/fileadmin/_processed_/4/8/csm_1001961-1_SEASONAL_PD_388x314_31a_RET_f1ca19a315.jpg,-1
Nivea APD Roll On Black and White 50ml,$3.29,$6.58 per 100ml,https://www.aldi.com.au/fileadmin/_processed_/3/1/csm_1001961-1_SEASONAL_PD_388x314_B2_13a_RET_c64886a0a6.jpg,-1
Lavazza Prontissimo Intenso/Espresso 95g,$6.99,$7.36 per 100g,https://www.aldi.com.au/fileadmin/_processed_/f/2/csm_1001961-1_SEASONAL_PD_388x314_B2_7a_RET_4d52e7d149.jpg,-1
Vaseline Petroleum Jelly 3x7g,$3.99,$19 per 100g,https://www.aldi.com.au/fileadmin/_processed_/9/8/csm_1001961-1_SEASONAL_PD_388x314_B2_14_RET_81d45eba98.jpg,-1
Protane Premium Shower Cap Assorted Designs,$3.49,$3.49 each,https://www.aldi.com.au/fileadmin/_processed_/1/b/csm_1001961-1_SEASONAL_PD_388x314_1a_RET_2c21728957.jpg,-1
Lacura Beauty Pedicure Implements Assorted,$3.99,$3.99 each,https://www.aldi.com.au/fileadmin/_processed_/7/d/csm_1001961-1_SEASONAL_PD_388x314_3a_RET_6d6e5b1d56.jpg,-1
Skin Republic Assorted Eye and Spot Masks,$6.99,$6.99 ea,https://www.aldi.com.au/fileadmin/_processed_/8/5/csm_1001961-1_SEASONAL_PD_388x314_23a_RET_60a42975b4.jpg,-1
Schick Hydro Silk Touch 3pk,$9.49,$3.16 per razor,https://www.aldi.com.au/fileadmin/_processed_/3/5/csm_1001961-1_SEASONAL_PD_388x314_29a_RET_70229ffea0.jpg,-1
The Pond Merlot 750ml,$6.99,$6.99 per each,https://www.aldi.com.au/fileadmin/fm-dam/Products/Groceries/Liquor/2022/Q1/Products/1000855_ALN-11_PD_Q1_WEB-AUDIT_388x314_48.jpg,-1
Skin Republic Face Sheet Mask Assorted 20-25ml,$4.99,$4.99 ea,https://www.aldi.com.au/fileadmin/_processed_/d/9/csm_1001961-1_SEASONAL_PD_388x314_22a_RET_0838699809.jpg,-1
The Tudor Central Victorian Shiraz 750ml,$13.99,$13.99 per each,https://www.aldi.com.au/fileadmin/fm-dam/Products/Groceries/Liquor/2022/Q3/Products/1001349_ALN-2_PD_Q3_WEB-AUDIT_388x314_38a.jpg,-1
One Road South Australia & Heathcote Shiraz 750ml,$6.99,$6.99 per each,https://www.aldi.com.au/fileadmin/fm-dam/Products/Groceries/Liquor/1_2019_Refresh/Wine/Products/ALN2364_AWARDS_WINE_PD_388x314_.jpg,-1
A.C. Byrne & Co McLaren Vale Shiraz 750ml,$10.99,$10.99 per each,https://www.aldi.com.au/fileadmin/fm-dam/Products/Groceries/Liquor/2022/Q4/Products/1001605-9_PD_Q4_WEB-AUDIT_LIQUOR_388x314_3.jpg,-1
Aveeno Daily Moisture Body Wash 354ml,$7.99,$2.26 per 100ml,https://www.aldi.com.au/fileadmin/_processed_/2/7/csm_1001961-1_SEASONAL_PD_388x314_28a_RET_8b206ee38a.jpg,-1
Luis Felipe Edwards Classic Carménère 750ml,$7.99,$7.99 per each,https://www.aldi.com.au/fileadmin/fm-dam/Products/Groceries/Liquor/2022/Q4/Products/1001605-9_PD_Q4_WEB-AUDIT_LIQUOR_388x314_9.jpg,-1
The Venturer Series Durif 750ml,$8.99,$8.99 per each,https://www.aldi.com.au/fileadmin/fm-dam/Products/Groceries/Liquor/2020/Wine/ALN2670_Q1_WEB_AUDIT__WINE__PD_388x314_17.jpg,-1
Smart Dog Portuguese Shiraz Trincadeira 750ml,$7.99,$7.99 per each,https://www.aldi.com.au/fileadmin/fm-dam/Products/Groceries/Liquor/2022/Q2/Products/Wine/1001137-2_ALN_Q2_WEB_AUDIT_PD_388x314_11.jpg,-1
Taylors Special Release Clare Valley Shiraz 750ml,$15.99,$15.99 per each,https://www.aldi.com.au/fileadmin/fm-dam/Products/Groceries/Liquor/1_2019_Refresh/Wine/Products/Q4_2019/ALN2619_Q4_WEB_AUDIT_WINE_PD_388x314_4.jpg,-1
Lacura Beauty Accessories Assorted,$2.99,$2.99 each,https://www.aldi.com.au/fileadmin/_processed_/8/d/csm_1001961-1_SEASONAL_PD_388x314_20a_RET_a9a76049d5.jpg,-1
Precious Earth Shiraz  750ml,$3.49,$3.49 per each,https://www.aldi.com.au/fileadmin/fm-dam/Products/Groceries/Liquor/2019/Wine/ALN2230_Q1_WINE_PD_388x314_4.jpg,-1
Small Talk Shiraz 1L,$5.99,$5.99 per each,https://www.aldi.com.au/fileadmin/fm-dam/Products/Groceries/Liquor/2019/Wine/ALN2230_Q1_WINE_PD_388x314_23.jpg,-1
Humo Blanco Chilean Organic Cabernet Sauvignon 750ml,$9.99,$9.99 per each,https://www.aldi.com.au/fileadmin/fm-dam/Products/Groceries/Liquor/2022/Q4/Products/1001605-9_PD_Q4_WEB-AUDIT_LIQUOR_388x314_1.jpg,-1
The Pond Cabernet Sauvignon 750ml,$6.99,$6.99 per each,https://www.aldi.com.au/fileadmin/fm-dam/Products/Groceries/Liquor/2022/Q3/Products/1001349_ALN-2_PD_Q3_WEB-AUDIT_388x314_40a.jpg,-1
Coraggioso Nero D’Avola Sicily, Italy 750ml,$6.99,$6.99 per each,https://www.aldi.com.au/fileadmin/fm-dam/Products/Groceries/Super_Savers/2021/Monthly/Q1_PRICE_APRIL/ALN3299_APRIL_SSV_PD_388x314_15.jpg,-1
Blackstone Paddock “The Player” Barossa Valley Shiraz 750ml,$12.99,$12.99 per each,https://www.aldi.com.au/fileadmin/fm-dam/Products/Groceries/Liquor/2022/Q4/Products/1001605-9_PD_Q4_WEB-AUDIT_LIQUOR_388x314_2.jpg,-1
Blackstone Paddock Margaret River Cabernet Sauvignon 750ml,$19.99,$19.99 per each,https://www.aldi.com.au/fileadmin/fm-dam/Products/Groceries/Liquor/2021/Wine/ALN3248_Q1_WEB-AUDIT__WINE__PD_388x314_2.jpg,-1
Blackstone Paddock Barossa Valley Shiraz 750ml,$19.99,$19.99 per each,https://www.aldi.com.au/fileadmin/fm-dam/Products/Groceries/Liquor/2021/Wine/ALN3248_Q1_WEB-AUDIT__WINE__PD_388x314_3.jpg,-1
Piedra Negra Argentinian Malbec 750ml,$11.99,$11.99 per each,https://www.aldi.com.au/fileadmin/fm-dam/Products/Groceries/Liquor/2019/Wine/ALN2230_Q1_WINE_PD_388x314_20.jpg,-1
Keeper’s Glove Tawny NV 750ml,$4.99,$4.99 per each,https://www.aldi.com.au/fileadmin/fm-dam/Products/Groceries/Liquor/2021/Wine/Q3/ALN3510_Q3_LIQUOR_PD_388x314_4.jpg,-1
Albertson's Reserve Soft Dry Red Cask 4L,$9.99,$9.99 per each,https://www.aldi.com.au/fileadmin/fm-dam/Products/Groceries/Liquor/2020/Wine/ALN2670_Q1_WEB_AUDIT__WINE__PD_388x314_12.jpg,-1
South Point Estate Pink Moscato 750ml,$4.99,$4.99 per each,https://www.aldi.com.au/fileadmin/fm-dam/Products/Groceries/Liquor/2022/Q1/Products/1000855_ALN-11_PD_Q1_WEB-AUDIT_388x314_4.jpg,-1
Sandara Sparkling Sangria 750ml,$7.99,$7.99 per each,https://www.aldi.com.au/fileadmin/fm-dam/Products/Groceries/Liquor/2019/Wine/ALN2230_Q1_WINE_PD_388x314_21.jpg,-1
Loire Valley Cabernet Franc Rosé 750ml,$9.99,$9.99 per each,https://www.aldi.com.au/fileadmin/fm-dam/Products/Groceries/Liquor/2020/Wine/ALN3077_WINE_PD_388x314_2.jpg,-1
Little Birdwood Sweet Red 750ml,$4.99,$4.99 per each,https://www.aldi.com.au/fileadmin/fm-dam/Products/Groceries/Liquor/2019/Wine/ALN2230_Q1_WINE_PD_388x314_18.jpg,-1
Kaiora Bay Reserve Central Otago Pinot Noir 750ml,$15.99,$15.99 per each,https://www.aldi.com.au/fileadmin/fm-dam/Products/Groceries/Liquor/2022/Q3/Products/1001349_ALN-2_PD_Q3_WEB-AUDIT_388x314_39a.jpg,-1
South Point Estate Rosé 750ml,$4.99,$4.99 per each,https://www.aldi.com.au/fileadmin/fm-dam/Products/Groceries/Liquor/2022/Q1/Products/1000855_ALN-11_PD_Q1_WEB-AUDIT_388x314_3.jpg,-1
Château Les Maurins Bordeaux Merlot & Cabernet Sauvignon 750ml,$11.99,$11.99 per each,https://www.aldi.com.au/fileadmin/fm-dam/Products/Groceries/Liquor/2019/Wine/ALN2230_Q1_WINE_PD_388x314_6.jpg,-1
El Toro Macho Tempranillo Bobal 750ml,$5.99,$5.99 per each,https://www.aldi.com.au/fileadmin/fm-dam/Products/Groceries/Liquor/1_2019_Refresh/Wine/Products/ALN2364_AWARDS_WINE_PD_388x314_20.jpg,-1
El Toro Macho Reserva 750ml,$8.99,$8.99 per each,https://www.aldi.com.au/fileadmin/fm-dam/Products/Groceries/Liquor/2020/Wine/ALN2670_Q1_WEB_AUDIT__WINE__PD_388x314_11.jpg,-1
One Road Goulburn Valley & King Valley Cabernet Merlot 750ml,$7.99,$7.99 per each,https://www.aldi.com.au/fileadmin/fm-dam/Products/Groceries/Award_Winning_Products/Liquor_and_Beverages/2019_Updates/ALN2364_AWARDS_WINE_PD_388x314_2.jpg,-1
A.C. Byrne & Co Margaret River Cabernet Merlot 750ml,$10.99,$10.99 per each,https://www.aldi.com.au/fileadmin/fm-dam/Products/Groceries/Liquor/2020/Wine/ALN2670_Q1_WEB_AUDIT__WINE__PD_388x314_3.jpg,-1
François Lurton La Mule Provence Rosé 750ml,$12.99,$12.99 per each,https://www.aldi.com.au/fileadmin/fm-dam/Products/Groceries/Liquor/1_2019_Refresh/Wine/Products/Q4_2019/ALN2619_Q4_WEB_AUDIT_WINE_PD_388x314_7.jpg,-1
Little Birdwood Cabernet Shiraz Merlot 750ml,$5.99,$5.99 per each,https://www.aldi.com.au/fileadmin/fm-dam/Products/Groceries/Liquor/2019/Wine/ALN2230_Q1_WINE_PD_388x314_5.jpg,-1
Corte Carista Chianti Superiore DOC 750ml,$11.99,$11.99 per each,https://www.aldi.com.au/fileadmin/fm-dam/Products/Groceries/Liquor/2022/Q2/Products/Wine/1001137-2_ALN_Q2_WEB_AUDIT_PD_388x314_3.jpg,-1
The Tudor Yarra Valley Pinot Noir 750ml,$12.99,$12.99 per each,https://www.aldi.com.au/fileadmin/fm-dam/Products/Groceries/Liquor/2021/Wine/ALN3248_Q1_WEB-AUDIT__WINE__PD_388x314_1.jpg,-1
One Road Chardonnay 750ml,$7.99,$7.99 per each,https://www.aldi.com.au/fileadmin/fm-dam/Products/Groceries/Liquor/2017/ALN0550_PD_Q1-UPDATE_388x314.jpg,-1
Brooke James Vitners Premium Cabernet Merlot Cask 2L,$8.69,$8.69 per each,https://www.aldi.com.au/fileadmin/fm-dam/Products/Groceries/Liquor/2019/Wine/ALN2230_Q1_WINE_PD_388x314_13.jpg,-1
Brooke James Vintners Shiraz Cask 2L,$8.69,$8.69 per each,https://www.aldi.com.au/fileadmin/fm-dam/Products/Groceries/Liquor/New/ALC7440_PD_388x314_3.jpg,-1
Neve Hawkes Bay/Marlborough Sauvignon Blanc 750ml,$7.99,$7.99 per each,https://www.aldi.com.au/fileadmin/fm-dam/Products/Groceries/Liquor/2022/Q4/Products/1001605-9_PD_Q4_WEB-AUDIT_LIQUOR_388x314_4.jpg,-1
The Pond Pinot Grigio 750ml,$6.99,$6.99 per each,https://www.aldi.com.au/fileadmin/fm-dam/Products/Groceries/Liquor/2020/Wine/ALN2670_Q1_WEB_AUDIT__WINE__PD_388x314_9.jpg,-1
Loire Valley Sauvignon Blanc 750ml,$9.99,$9.99 per each,https://www.aldi.com.au/fileadmin/fm-dam/Products/Groceries/Liquor/1_2019_Refresh/Wine/Products/ALN2364_AWARDS_WINE_PD_388x314_34.jpg,-1
Brooke James Vintners Semillon Sauvignon Blanc Cask 2L,$8.69,$8.69 per each,https://www.aldi.com.au/fileadmin/fm-dam/Products/Groceries/Liquor/New/ALC7440_PD_388x314_2.jpg,-1
Roaring Days Brewing Iron Rails Pacific Ale 12 x 330ml,$19.99,$19.99 per each,https://www.aldi.com.au/fileadmin/fm-dam/Products/Groceries/Liquor/2022/Q4/Products/1001605-9_PD_Q4_WEB-AUDIT_LIQUOR_388x314_11.jpg,-1
Storm Brewing Co. Super Dry Beer 6 x 330ml,$9.99,$9.99 per each,https://www.aldi.com.au/fileadmin/fm-dam/Products/Groceries/Liquor/1_2019_Refresh/Beer_Cider/Products/ALN2364_AWARDS_BEER_PD_388x314_10.jpg,-1
Second Left Sauvignon Blanc 750ml,$7.99,$7.99 per each,https://www.aldi.com.au/fileadmin/fm-dam/Products/Groceries/Liquor/2022/Q3/Products/1001349_ALN-2_PD_Q3_WEB-AUDIT_388x314_46a.jpg,-1
Yellowglen Chardonnay Pinot Noir & Prosecco 750ml,$7.99,$7.99 per each,https://www.aldi.com.au/fileadmin/fm-dam/Products/Groceries/Liquor/2019/Champagne___Sparkling/ALN2230_Q1_CHAMPAGNE-SPARKLING_PD_388x314_.jpg,-1
South Point Estate Moscato 750ml,$4.99,$4.99 per each,https://www.aldi.com.au/fileadmin/fm-dam/Products/Groceries/Liquor/2022/Q3/Products/1001349_ALN-2_PD_Q3_WEB-AUDIT_388x314_41a.jpg,-1
Albertson's Reserve Crisp Dry White Cask 4L,$9.99,$9.99 per each,https://www.aldi.com.au/fileadmin/fm-dam/Products/Groceries/Liquor/2020/Wine/ALN2670_Q1_WEB_AUDIT__WINE__PD_388x314_14.jpg,-1
Veuve Olivier French Sparkling Wine NV 750ml,$8.99,$8.99 per each,https://www.aldi.com.au/fileadmin/fm-dam/Products/Groceries/Liquor/2020/Champagne_Sparkling/ALN2670_Q1_WEB_AUDIT__CHAMPAGNE_SPARKLING__PD_388x314_.jpg,-1
South Point Estate Sparkling Chardonnay Pinot Noir NV 750ml,$5.99,$5.99 per each,https://www.aldi.com.au/fileadmin/fm-dam/Products/Groceries/Liquor/2022/Q4/Products/1001605-9_PD_Q4_WEB-AUDIT_LIQUOR_388x314_6.jpg,-1
A.C. Byrne & Co Margaret River Sauvignon Blanc Semillon 750ml,$8.99,$8.99 per each,https://www.aldi.com.au/fileadmin/fm-dam/Products/Groceries/Liquor/2020/Wine/ALN2670_Q1_WEB_AUDIT__WINE__PD_388x314_8.jpg,-1
Vallée Des Secrets Sparkling Cuvée NV 750ml,$16.99,$16.99 per each,https://www.aldi.com.au/fileadmin/fm-dam/Products/Groceries/Liquor/1_2019_Refresh/Champagne_Sparkling/Products/ALN2364_AWARDS_CHAMPAGNE_SPARKLING_PD_388x314_8.jpg,-1
Kaiora Bay Reserve Marlborough Sauvignon Blanc 750ml,$12.99,$12.99 per each,https://www.aldi.com.au/fileadmin/fm-dam/Products/Groceries/Liquor/2020/Wine/ALN2670_Q1_WEB_AUDIT__WINE__PD_388x314_7.jpg,-1
Kaiora Bay Marlborough Sauvignon Blanc 750ml,$8.99,$8.99 per each,https://www.aldi.com.au/fileadmin/fm-dam/Products/Groceries/Liquor/1_2019_Refresh/Wine/Products/ALN2364_AWARDS_WINE_PD_388x314_8.jpg,-1
Storm Brewing Co. Light Beer 12 x 330ml,$14.99,$14.99 per each,https://www.aldi.com.au/fileadmin/fm-dam/Products/Groceries/Liquor/2022/Q4/Products/1001605-9_PD_Q4_WEB-AUDIT_LIQUOR_388x314_12.jpg,-1
Precious Earth Chardonnay 750ml,$3.49,$3.49 per each,https://www.aldi.com.au/fileadmin/fm-dam/Products/Groceries/Liquor/1_2019_Refresh/Wine/Products/ALN2364_AWARDS_WINE_PD_388x314_32.jpg,-1
Freya & Jules Watervale, Clare Valley Riesling 750ml,$8.99,$8.99 per each,https://www.aldi.com.au/fileadmin/fm-dam/Products/Groceries/Liquor/1_2019_Refresh/Wine/Products/ALN2364_AWARDS_WINE_PD_388x314_37.jpg,-1
A.C. Byrne & Co Margaret River Chardonnay 750ml,$10.99,$10.99 per each,https://www.aldi.com.au/fileadmin/fm-dam/Products/Groceries/Liquor/2020/Wine/ALN2670_Q1_WEB_AUDIT__WINE__PD_388x314_5.jpg,-1
Corte Carista Prosecco Rose DOC NV 750ml,$11.99,$11.99 per each,https://www.aldi.com.au/fileadmin/fm-dam/Products/Groceries/Liquor/2022/Q4/Products/1001605-9_PD_Q4_WEB-AUDIT_LIQUOR_388x314_8.jpg,-1
Corte Carista Prosecco DOC NV 750ml,$9.99,$9.99 per each,https://www.aldi.com.au/fileadmin/fm-dam/Products/Groceries/Liquor/2022/Q4/Products/1000838_AWARDS_PD_388x314_.jpg,-1
South Point Estate Pinot Grigio 750ml,$4.99,$4.99 per each,https://www.aldi.com.au/fileadmin/fm-dam/Products/Groceries/Liquor/2022/Q1/Products/1000855_ALN-11_PD_Q1_WEB-AUDIT_388x314_6.jpg,-1
South Point Estate Sauvignon Blanc 750ml,$4.99,$4.99 per each,https://www.aldi.com.au/fileadmin/fm-dam/Products/Groceries/Liquor/2022/Q3/Products/1001349_ALN-2_PD_Q3_WEB-AUDIT_388x314_42a.jpg,-1
Little Birdwood Semillon Sauvignon Blanc 750ml,$5.99,$5.99 per each,https://www.aldi.com.au/fileadmin/fm-dam/Products/Groceries/Liquor/1_2019_Refresh/Wine/Products/ALN2364_AWARDS_WINE_PD_388x314_14.jpg,-1
Albertson's Reserve Soft Fruity White Cask 4L,$9.99,$9.99 per each,https://www.aldi.com.au/fileadmin/fm-dam/Products/Groceries/Liquor/2020/Wine/ALN2670_Q1_WEB_AUDIT__WINE__PD_388x314_13.jpg,-1
Precious Earth Semillon Sauvignon Blanc 750ml,$3.49,$3.49 per each,https://www.aldi.com.au/fileadmin/fm-dam/Products/Groceries/Liquor/2019/Wine/ALN2230_Q1_WINE_PD_388x314_8.jpg,-1
Villa Elsa Pinot Grigio DOC Delle Venezie 750ml,$7.99,$7.99 per each,https://www.aldi.com.au/fileadmin/fm-dam/Products/Groceries/Liquor/2020/Wine/ALN2853_WINE_PD_388x314_.jpg,-1
Fraser Briggs Premium Lager 6 x 330ml,$9.99,$9.99 per each,https://www.aldi.com.au/fileadmin/fm-dam/Products/Groceries/Super_Savers/2021/Monthly/Q2_PRICE_AUGUST/ALN3498_AUG_SSV_DIGITAL_PD_388x314_30.jpg,-1
Monsigny Champagne Brut NV 750ml,$29.99,$29.99 per each,https://www.aldi.com.au/fileadmin/fm-dam/Products/Groceries/Liquor/1_2019_Refresh/Champagne_Sparkling/Products/ALN2364_AWARDS_CHAMPAGNE_SPARKLING_PD_388x314_.jpg,-1
Cape Cyan Natural Blonde Beer 6 x 330ml,$9.99,$9.99 per each,https://www.aldi.com.au/fileadmin/fm-dam/Products/Groceries/Liquor/1_2019_Refresh/Beer_Cider/Products/ALN2364_AWARDS_BEER_PD_388x314_12.jpg,-1
Sainte Etienne Premium Lager 6 x 330ml,$9.99,$9.99 per each,https://www.aldi.com.au/fileadmin/fm-dam/Products/Groceries/Liquor/2022/Q4/Products/1001605-9_PD_Q4_WEB-AUDIT_LIQUOR_388x314_5.jpg,-1
Rivet Gold 12 x 330ml,currently unavailable,currently unavailable per each,https://www.aldi.com.au/fileadmin/fm-dam/Products/Groceries/Liquor/1_2019_Refresh/Beer_Cider/Products/ALN2364_AWARDS_BEER_PD_388x314_2.jpg,-1
Somersby Apple Cider 10 x 330ml,$19.99,$19.99 per each,https://www.aldi.com.au/fileadmin/fm-dam/Products/Groceries/Liquor/2019/Beer___Cider/ALN2230_Q1_BEER-CIDER_PD_388x314_2.jpg,-1
Coopers Original Pale Ale 12 x 375ml,currently unavailable,currently unavailable per each,https://www.aldi.com.au/fileadmin/_processed_/2/8/csm_1001829-16_Q1-WEB-AUDIT_BRIEF-2_PD_388x314_1a_RET_000a4b83b0.jpg,-1
Baroque Brandy 700ml,$31.99,$31.99 per each,https://www.aldi.com.au/fileadmin/fm-dam/Products/Groceries/Liquor/1_2019_Refresh/Spirits/Products/ALN2364_AWARDS_SPIRITS_PD_388x314_7.jpg,-1
Captain Morgan Original Spiced Gold 700ml,$45.99,$45.99 per each,https://www.aldi.com.au/fileadmin/fm-dam/Products/Groceries/Liquor/2021/Spirits/ALN3354_Q2-WEB-AUDIT_PD_388x314_3.jpg,-1
Jack Daniel’s No. 7 Tenessee Whiskey 700ml,currently unavailable,see price in store*,https://www.aldi.com.au/fileadmin/fm-dam/Products/Groceries/Liquor/2022/Q4/Products/1001605-9_PD_Q4_WEB-AUDIT_LIQUOR_388x314_10.jpg,-1
Fraser Briggs Premium Lager 24 x 330ml,currently unavailable,currently unavailable per each,https://www.aldi.com.au/fileadmin/fm-dam/Products/Groceries/Super_Savers/2021/Monthly/Q2_PRICE_AUGUST/ALN3498_AUG_SSV_DIGITAL_PD_388x314_36.jpg,-1
Baileys Irish Cream 700mL,$36.99,$36.99 per each,https://www.aldi.com.au/fileadmin/fm-dam/Products/Groceries/Liquor/2019/ALN2147_Q4_SPIRITS_PD_388x314.jpg,-1
O’Donnells Irish Country Cream Liqueur 700ml,$14.99,$14.99 per each,https://www.aldi.com.au/fileadmin/fm-dam/Products/Groceries/Liquor/2021/Spirits/ALN3354_Q2-WEB-AUDIT_PD_388x314_4.jpg,-1
Jim Beam Bourbon 700mL,currently unavailable,see price in store*,https://www.aldi.com.au/fileadmin/fm-dam/Products/Groceries/Liquor/2019/Spirits/ALN2218_Jim_Beam_Bourbon_700ml_PD_388x314.jpg,-1
Striganov Vodka Crush Lemon Lime 4pk,$11.99,$11.99 per each,https://www.aldi.com.au/fileadmin/fm-dam/Products/Groceries/Liquor/1_2019_Refresh/Spirits/Products/ALN2364_AWARDS_SPIRITS_PD_388x314_10.jpg,-1
Leo Imported Lager 12 x 330ml,$20.99,$20.99 per each,https://www.aldi.com.au/fileadmin/fm-dam/Products/Groceries/Liquor/1_2019_Refresh/Beer_Cider/Products/ALN2364_AWARDS_BEER_PD_388x314_.jpg,-1
O’Donnells Salted Caramel Irish Country Cream Liqueur 700ml,$14.99,$14.99 per each,https://www.aldi.com.au/fileadmin/fm-dam/Products/Groceries/Liquor/2022/Q1/Products/1000855_ALN-11_PD_Q1_WEB-AUDIT_388x314_23.jpg,-1
Sainte Etienne Premium Lager 24 x 330ml,currently unavailable,currently unavailable per each,https://www.aldi.com.au/fileadmin/_processed_/7/7/csm_1002186_PD_388x314_2_RET_f708dc268b.jpg,-1
McAfee’s Benchmark Old No. 8 Kentucky Straight Bourbon Whiskey 700ml,$39.99,$39.99 per each,https://www.aldi.com.au/fileadmin/_processed_/9/c/csm_1002186_PD_388x314_1_RET_a0d285453b.jpg,-1
Tamova Quadruple Distilled Vodka 700ml,$31.99,$31.99 per each,https://www.aldi.com.au/fileadmin/fm-dam/Products/Groceries/Liquor/1_2019_Refresh/Spirits/Products/Q4_2019/ALN2619_Q4_WEB_AUDIT_SPIRITS_PD_388x314_.jpg,-1
Highland Earl Scotch Whisky 700ml,$34.99,$34.99 per each,https://www.aldi.com.au/fileadmin/fm-dam/Products/Groceries/Liquor/1_2019_Refresh/Spirits/Products/ALN2364_AWARDS_SPIRITS_PD_388x314_5.jpg,-1
Striganov Vodka Crush Raspberry 4pk,$11.99,$11.99 per each,https://www.aldi.com.au/fileadmin/fm-dam/Products/Groceries/Liquor/1_2019_Refresh/Spirits/Products/ALN2364_AWARDS_SPIRITS_PD_388x314_8.jpg,-1
Rivet Lager 24 x 330ml,currently unavailable,currently unavailable per each,https://www.aldi.com.au/fileadmin/fm-dam/Products/Groceries/Liquor/2022/Q4/Products/1001605-9_PD_Q4_WEB-AUDIT_LIQUOR_388x314_13.jpg,-1
Carlton Dry 12 x 330ml,$26.99,$26.99 per each,https://www.aldi.com.au/fileadmin/fm-dam/Products/Groceries/Liquor/2019/Beer___Cider/ALN2362_Calton_Dry_12x330mL_PD_388x314.jpg,-1
Corona Lager 12 x 355mL,$28.99,$28.99 per each,https://www.aldi.com.au/fileadmin/fm-dam/Products/Groceries/Liquor/2017/Beer_and_Cider_Update/ALN1075_BEER_CIDER_UPDATE_PD_388x314_3.jpg,-1
Cape Cyan Natural Blonde Beer 24 x 330ml,$36.99,$36.99 per each,https://www.aldi.com.au/fileadmin/fm-dam/Products/Groceries/Liquor/1_2019_Refresh/Beer_Cider/Products/ALN2364_AWARDS_BEER_PD_388x314_5.jpg,-1
James Squire 150 Lashes Pale Ale 12 x 330ml,currently unavailable,see price in store*,https://www.aldi.com.au/fileadmin/_processed_/c/b/csm_1001829-4_Q1-WEB-AUDIT_BEER_PD_388x314_RET_f44e087582.jpg,-1
Darley’s London Style Gin 700ml,$31.99,$31.99 per each,https://www.aldi.com.au/fileadmin/fm-dam/Products/Groceries/Liquor/1_2019_Refresh/Spirits/Products/ALN2364_AWARDS_SPIRITS_PD_388x314_6.jpg,-1
North of Nowhere Pale Ale 12 x 330ml,$19.99,$19.99 per each,https://www.aldi.com.au/fileadmin/fm-dam/Products/Groceries/Liquor/1_2019_Refresh/Beer_Cider/Products/ALN2364_AWARDS_BEER_PD_388x314_7.jpg,-1
Striganov Vodka Crush Watermelon 4pk,$11.99,$11.99 per each,https://www.aldi.com.au/fileadmin/fm-dam/Products/Groceries/Liquor/1_2019_Refresh/Spirits/Products/ALN2364_AWARDS_SPIRITS_PD_388x314_11.jpg,-1
Storm Brewing Co. Premium Super Dry Beer 24 x 330ml,$37.99,$37.99 per each,https://www.aldi.com.au/fileadmin/fm-dam/Products/Groceries/Liquor/1_2019_Refresh/Beer_Cider/Products/ALN2364_AWARDS_BEER_PD_388x314_3.jpg,-1
Highland Black 8YO Blended Scotch Whisky 700ml,$39.99,$39.99 per each,https://www.aldi.com.au/fileadmin/fm-dam/Products/Groceries/Liquor/1_2019_Refresh/Spirits/Products/ALN2364_AWARDS_SPIRITS_PD_388x314_.jpg,-1
Striganov Vodka Crush Guava 4pk,$11.99,$11.99 per each,https://www.aldi.com.au/fileadmin/fm-dam/Products/Groceries/Liquor/1_2019_Refresh/Spirits/Products/ALN2364_AWARDS_SPIRITS_PD_388x314_9.jpg,-1
A.C. Byrne & Co. Margaret River Semillon Sauvignon Blanc,$7.99,$7.99 per each,https://www.aldi.com.au/fileadmin/fm-dam/Products/Groceries/Liquor/Liquor_04_02_2016/ALC7513_LIQUOR_AWARDS_PD_388x314_2.jpg,-1
Inner Goodness Soy Milk 1L,$2.29,$2.29 per litre,https://www.aldi.com.au/fileadmin/fm-dam/Products/Groceries/dairy/2022/Q4/Products/1001605-3_PD_Q4_WEB-AUDIT_DAIRY_388x314_15.jpg,-1
Farmdale Organic Light Milk 1L,$2.39,$2.39 per litre,https://www.aldi.com.au/fileadmin/fm-dam/Products/Groceries/dairy/2022/Q4/Products/1001605-3_PD_Q4_WEB-AUDIT_DAIRY_388x314_19.jpg,-1
Milk UHT Almond Unsweetened 1L,$1.89,$1.89 per litre,https://www.aldi.com.au/fileadmin/fm-dam/Products/Groceries/dairy/2022/Q3/Products/1001349_ALN-2_PD_Q3_WEB-AUDIT_388x314_50a.jpg,-1
Inner Goodness Almond Milk 1L,$2.79,$2.79 per litre,https://www.aldi.com.au/fileadmin/fm-dam/Products/Groceries/dairy/2022/Q4/Products/1001605-3_PD_Q4_WEB-AUDIT_DAIRY_388x314_16.jpg,-1
One Road South Australian & Heathcote Shiraz,$6.99,$6.99 per each,https://www.aldi.com.au/fileadmin/fm-dam/Products/Groceries/Liquor/MIWS/Update/ALN1005_PD_WINES_388x314_6.jpg,-1
Farmdale Full Cream Milk Powder 1kg,$9.99,$1 per 100g,https://www.aldi.com.au/fileadmin/fm-dam/Products/Groceries/Fresh_Produce/Dairy_Eggs/Products/ALN2364_AWARDS_DAIRY_PD_388x314_23.jpg,-1
UHT Milk Soy 1L,$1.15,$1.15 per litre,https://www.aldi.com.au/fileadmin/fm-dam/Products/Groceries/dairy/2022/Q3/Products/1001349_ALN-2_PD_Q3_WEB-AUDIT_388x314_48a.jpg,-1
UHT Oat Milk 1L,$2.09,$2.09 per litre,https://www.aldi.com.au/fileadmin/fm-dam/Products/Groceries/dairy/2022/Q3/Products/1001349_ALN-2_PD_Q3_WEB-AUDIT_388x314_52a.jpg,-1
A.C. Byrne & Co. Margaret River Chardonnay,$9.99,$9.99 per each,https://www.aldi.com.au/fileadmin/fm-dam/Products/Groceries/Liquor/Liquor_04_02_2016/ALC7513_LIQUOR_AWARDS_PD_388x314_3.jpg,-1
CHAMP Chocolate Flavoured Milk 600ml,$2.79,$4.65 per Litre,https://www.aldi.com.au/fileadmin/fm-dam/Products/Groceries/dairy/2022/Q3/Products/1001349_ALN-2_PD_Q3_WEB-AUDIT_388x314_28a.jpg,-1
Farmdale Lactose Free Full Cream Milk 1L,$2.79,$2.79 per litre,https://www.aldi.com.au/fileadmin/fm-dam/Products/Groceries/dairy/2022/Q3/Products/1001349_ALN-2_PD_Q3_WEB-AUDIT_388x314_26a.jpg,-1
Veuve Monsigny Brut Champagne NV,$19.99,$19.99 per each,https://www.aldi.com.au/fileadmin/fm-dam/Products/Groceries/Liquor/Liquor_04_02_2016/ALC7513_LIQUOR_AWARDS_PD_388x314_57.jpg,-1
Farmdale Lactose Free Low Fat UHT Milk 1L,$1.79,$1.79 per litre,https://www.aldi.com.au/fileadmin/fm-dam/Products/Groceries/dairy/2022/Q3/Products/1001349_ALN-2_PD_Q3_WEB-AUDIT_388x314_25a.jpg,-1
A.C. Byrne & Co. Margaret River Cabernet Merlot,$9.99,$9.99 per each,https://www.aldi.com.au/fileadmin/fm-dam/Products/Groceries/Liquor/Liquor_04_02_2016/ALC7513_LIQUOR_AWARDS_PD_388x314_4.jpg,-1
CHAMP Iced Coffee Flavoured Milk 600ml,$2.79,$4.65 per Litre,https://www.aldi.com.au/fileadmin/fm-dam/Products/Groceries/dairy/2022/Q3/Products/1001349_ALN-2_PD_Q3_WEB-AUDIT_388x314_29a.jpg,-1
Milk UHT Almond Original 1L,$1.89,$1.89 per litre,https://www.aldi.com.au/fileadmin/fm-dam/Products/Groceries/dairy/2022/Q3/Products/1001349_ALN-2_PD_Q3_WEB-AUDIT_388x314_51a.jpg,-1
UHT Soy Organic Milk 1L,$1.49,$1.49 per litre,https://www.aldi.com.au/fileadmin/fm-dam/Products/Groceries/dairy/2022/Q3/Products/1001349_ALN-2_PD_Q3_WEB-AUDIT_388x314_47a.jpg,-1
Just Organic UHT Milk 1L,$2.19,$2.19 per litre,https://www.aldi.com.au/fileadmin/fm-dam/Products/Groceries/Just_Organic_TM_/2022/Q1/Products/1000855_ALN-11_PD_Q1_WEB-AUDIT_388x314_13.jpg,-1
Farmdale Full Cream Milk UHT 2L,$3.09,$1.55 per litre,https://www.aldi.com.au/fileadmin/fm-dam/Products/Groceries/dairy/2022/Q1/Products/1000855_ALN-11_PD_Q1_WEB-AUDIT_388x314_35.jpg,-1
Farmdale Skim Milk UHT 1L,$1.59,$1.59 per litre,https://www.aldi.com.au/fileadmin/fm-dam/Products/Groceries/dairy/2022/Q1/Products/1000855_ALN-11_PD_Q1_WEB-AUDIT_388x314_34.jpg,-1
UHT Milk Soy Light 1L,$1.15,$1.15 per litre,https://www.aldi.com.au/fileadmin/fm-dam/Products/Groceries/dairy/2022/Q3/Products/1001349_ALN-2_PD_Q3_WEB-AUDIT_388x314_49a.jpg,-1
Farmdale Lactose Free UHT Milk 1L,$1.79,$1.79 per litre,https://www.aldi.com.au/fileadmin/fm-dam/Products/Groceries/dairy/2022/Q1/Products/1000855_ALN-11_PD_Q1_WEB-AUDIT_388x314_37.jpg,-1
Lodge Farms Large Free Range Eggs 12pk/600g,$4.49,75c per 100g,https://www.aldi.com.au/fileadmin/_processed_/8/5/csm_1001829-2_Q1-WEB-AUDIT_DAIRY-EGGS_PD_388x314_1_RET_d5ed484d8d.jpg,-1
Farmdale Full Cream Milk UHT 1L,$1.59,$1.59 per litre,https://www.aldi.com.au/fileadmin/fm-dam/Products/Groceries/dairy/2022/Q1/Products/1000855_ALN-11_PD_Q1_WEB-AUDIT_388x314_32.jpg,-1
Blackstone Paddock Margaret River Cabernet Sauvignon,$17.99,$17.99 per each,https://www.aldi.com.au/fileadmin/fm-dam/Products/Groceries/Liquor/Liquor_18_5_2016/ALC7777_Liquor_Update_PD_388x314_2.jpg,-1
Farmdale Organic Full Cream Milk 1L,$2.39,$2.39 per litre,https://www.aldi.com.au/fileadmin/fm-dam/Products/Groceries/dairy/2022/Q4/Products/1001605-3_PD_Q4_WEB-AUDIT_DAIRY_388x314_18.jpg,-1
Farmdale Skim Milk UHT 2L,$3.09,$1.55 per litre,https://www.aldi.com.au/fileadmin/fm-dam/Products/Groceries/dairy/2022/Q1/Products/1000855_ALN-11_PD_Q1_WEB-AUDIT_388x314_36.jpg,-1
Farmdale Light Milk UHT 1L,$1.59,$1.59 per litre,https://www.aldi.com.au/fileadmin/fm-dam/Products/Groceries/dairy/2022/Q1/Products/1000855_ALN-11_PD_Q1_WEB-AUDIT_388x314_33.jpg,-1
CHAMP Iced Coffee Flavoured Milk 2L,$3.99,$2.00 per litre,https://www.aldi.com.au/fileadmin/fm-dam/Products/Groceries/dairy/2022/Q3/Products/1001349_ALN-2_PD_Q3_WEB-AUDIT_388x314_27a.jpg,-1
Lodge Farms Extra Large Free Range Eggs 12pk/700g,$4.79,68c per 100g,https://www.aldi.com.au/fileadmin/_processed_/4/b/csm_1001829-2_Q1-WEB-AUDIT_DAIRY-EGGS_PD_388x314_2_RET_636c95f63d.jpg,-1
Sunnyvale Olive Spread Regular 500g,$3.49,70c per 100g,https://www.aldi.com.au/fileadmin/fm-dam/Products/Groceries/dairy/2022/Q1/Products/1000855_ALN-11_PD_Q1_WEB-AUDIT_388x314_39.jpg,-1
Sunnyvale Olive Spread Light 500g,$3.49,70c per 100g,https://www.aldi.com.au/fileadmin/fm-dam/Products/Groceries/dairy/2022/Q1/Products/1000855_ALN-11_PD_Q1_WEB-AUDIT_388x314_40.jpg,-1
Sunnyvale Table Spread 1kg,$3.29,33c per 100g,https://www.aldi.com.au/fileadmin/fm-dam/Products/Groceries/dairy/2022/Q1/Products/1000855_ALN-11_PD_Q1_WEB-AUDIT_388x314_43.jpg,-1
Sunnyvale Cholesterol Spread 500g,$4.49,90c per 100g,https://www.aldi.com.au/fileadmin/fm-dam/Products/Groceries/dairy/2022/Q1/Products/1000855_ALN-11_PD_Q1_WEB-AUDIT_388x314_42.jpg,-1
Sunnyvale Original Spread 500g,$2.69,54c per 100g,https://www.aldi.com.au/fileadmin/fm-dam/Products/Groceries/dairy/2022/Q1/Products/1000855_ALN-11_PD_Q1_WEB-AUDIT_388x314_41.jpg,-1
Pure Valley Salted Butter 250g,$3.69,$1.48 per 100g,https://www.aldi.com.au/fileadmin/_processed_/a/1/csm_1001829-2_Q1-WEB-AUDIT_DAIRY-EGGS_PD_388x314_16_RET_41903abe4a.jpg,-1
Beautifully Butterfully Unsalted Butter 250g,$3.69,$1.48 per 100g,https://www.aldi.com.au/fileadmin/fm-dam/Products/Groceries/dairy/2021/ALN3354_Q2-WEB-AUDIT_PD_388x314_15.jpg,-1
Pure Valley Salted Organic Butter 250g,$4.49,$1.80 per 100g,https://www.aldi.com.au/fileadmin/_processed_/7/3/csm_1001829-2_Q1-WEB-AUDIT_DAIRY-EGGS_PD_388x314_15_RET_083ef96d98.jpg,-1
Manhattan Cottage Cheese 500g,$5.49,$10.98 per kg,https://www.aldi.com.au/fileadmin/fm-dam/Products/Groceries/Fresh_Produce/Dairy_Eggs/Products/Q4_2019/ALN2619_Q4_WEB_AUDIT_DAIRY_PD_388x314_.jpg,-1
Westacre Dairy Vintage Cheese Block 500g,$5.99,$11.98 per kg,https://www.aldi.com.au/fileadmin/fm-dam/Products/Groceries/dairy/2022/Q4/Products/1001605-3_PD_Q4_WEB-AUDIT_DAIRY_388x314_14.jpg,-1
Westacre Dairy Wrapped Cheese Slices 432g,$4.29,$9.93 per kg,https://www.aldi.com.au/fileadmin/_processed_/5/9/csm_1001829-2_Q1-WEB-AUDIT_DAIRY-EGGS_PD_388x314_19_RET_3c373c453b.jpg,-1
Westacre Dairy Tasty Cheese Block 500g,$5.99,$11.98 per kg,https://www.aldi.com.au/fileadmin/fm-dam/Products/Groceries/dairy/2022/Q4/Products/1001605-3_PD_Q4_WEB-AUDIT_DAIRY_388x314_12.jpg,-1
Westacre Dairy Shredded Tasty Cheese 700g,$7.29,$10.41 per kg,https://www.aldi.com.au/fileadmin/fm-dam/Products/Groceries/dairy/2022/Q4/Products/1001605-3_PD_Q4_WEB-AUDIT_DAIRY_388x314_9.jpg,-1
Emporium Selection Apricot & Almond Cream Cheese 200g,$3.69,$18.45 per kg,https://www.aldi.com.au/fileadmin/fm-dam/Products/Groceries/Award_Winning_Products/Cheese/2019/ALN2147_Q4_CHEESE_PD_388x314_11.jpg,-1
Beautifully Butterfully Caterer’s Selection Buttery Spread 1kg,$4.99,50c per 100g,https://www.aldi.com.au/fileadmin/fm-dam/Products/Groceries/dairy/2021/ALN3354_Q2-WEB-AUDIT_PD_388x314_16.jpg,-1
Westacre Colby Cheese Block 500g,$5.99,$11.98 per kg,https://www.aldi.com.au/fileadmin/fm-dam/Products/Groceries/Award_Winning_Products/Cheese/2020/Cheese_Awards/ALN2793_CHEESE_DAIRY_AWARDS_PD_388x314_5.jpg,-1
Emporium Selection Camembert 125g,$2.79,$22.32 per kg,https://www.aldi.com.au/fileadmin/fm-dam/Products/Groceries/Award_Winning_Products/Cheese/2019/ALN2147_Q4_CHEESE_PD_388x314_3.jpg,-1
Pure Valley Salted Butter 500g,$6.39,$1.28 per 100g,https://www.aldi.com.au/fileadmin/_processed_/f/7/csm_1001829-2_Q1-WEB-AUDIT_DAIRY-EGGS_PD_388x314_17_RET_bdae65ecfd.jpg,-1
Westacre Dairy Tasty Cheese Block 250g,$4.69,$18.76 per kg,https://www.aldi.com.au/fileadmin/fm-dam/Products/Groceries/dairy/2022/Q4/Products/1001605-3_PD_Q4_WEB-AUDIT_DAIRY_388x314_20.jpg,-1
Emporium Selection Double Cream Camembert 200g,$4.99,$24.95 per kg,https://www.aldi.com.au/fileadmin/fm-dam/Products/Groceries/Award_Winning_Products/Cheese/2019/ALN2147_Q4_CHEESE_PD_388x314_1.jpg,-1
Emporium Selection Greek Style Fetta Cheese 200g,$2.99,$14.95 per kg,https://www.aldi.com.au/fileadmin/fm-dam/Products/Groceries/Fresh_Produce/Dairy_Eggs/Products/ALN2364_AWARDS_CHEESE_PD_388x314_8.jpg,-1
Westacre Dairy Tasty Cheese Slices 500g,$7.99,$15.98 per kg,https://www.aldi.com.au/fileadmin/fm-dam/Products/Groceries/dairy/2022/Q4/Products/1001605-3_PD_Q4_WEB-AUDIT_DAIRY_388x314_11.jpg,-1
Emporium Selection Persian Fetta 180g,$3.99,$22.17 per kg,https://www.aldi.com.au/fileadmin/fm-dam/Products/Groceries/Award_Winning_Products/Cheese/2019/ALN2147_Q4_CHEESE_PD_388x314_5.jpg,-1
Westacre Dairy Vintage Cheese Slices 250g,$4.49,$17.96 per kg,https://www.aldi.com.au/fileadmin/fm-dam/Products/Groceries/dairy/2022/Q4/Products/1001605-3_PD_Q4_WEB-AUDIT_DAIRY_388x314_6.jpg,-1
Westacre Dairy Shredded Tasty Cheese 250g,$4.49,$17.96 per kg,https://www.aldi.com.au/fileadmin/fm-dam/Products/Groceries/dairy/2022/Q4/Products/1001605-3_PD_Q4_WEB-AUDIT_DAIRY_388x314_8.jpg,-1
Emporium Selection Danish Style Fetta Cheese 200g,$2.99,$14.95 per kg,https://www.aldi.com.au/fileadmin/fm-dam/Products/Groceries/Award_Winning_Products/Cheese/2019/ALN2147_Q4_CHEESE_PD_388x314_6.jpg,-1
Westacre Dairy Shredded Parmesan Cheese 250g,$4.49,$17.96 per kg,https://www.aldi.com.au/fileadmin/fm-dam/Products/Groceries/dairy/2022/Q4/Products/1001605-3_PD_Q4_WEB-AUDIT_DAIRY_388x314_10.jpg,-1
Emporium Selection Brie 125g,$2.79,$22.32 per kg,https://www.aldi.com.au/fileadmin/fm-dam/Products/Groceries/Fresh_Produce/Dairy_Eggs/Products/ALN2364_AWARDS_CHEESE_PD_388x314_5.jpg,-1
Westacre Dairy Wrapped Cheese Slices 432g,$4.29,$9.93 per kg,https://www.aldi.com.au/fileadmin/fm-dam/Products/Groceries/dairy/2022/Q4/Products/1001605-3_PD_Q4_WEB-AUDIT_DAIRY_388x314_5.jpg,-1
Emporium Selection Triple Cream Brie 200g,$4.99,$24.95 per kg,https://www.aldi.com.au/fileadmin/fm-dam/Products/Groceries/Award_Winning_Products/Cheese/2019/ALN2147_Q4_CHEESE_PD_388x314_2.jpg,-1
Emporium Selection Ash Brie 150g,$4.49,$29.93 per kg,https://www.aldi.com.au/fileadmin/fm-dam/Products/Groceries/Award_Winning_Products/Cheese/2020/Cheese_Awards/ALN2793_CHEESE_DAIRY_AWARDS_PD_388x314_7.jpg,-1
Snackers Market Cheese, Salami & Crackers 70g,$2.99,$42.71 per kg,https://www.aldi.com.au/fileadmin/fm-dam/Products/Groceries/Snacks/1001605-11_PD_Q4_WEB-AUDIT_SNACKS_388x314_.jpg,-1
Emporium Selection Smooth Ricotta 375g,$3.29,$8.77 per kg,https://www.aldi.com.au/fileadmin/fm-dam/Products/Groceries/Award_Winning_Products/Cheese/2018/PD/ALP0614_WEB_AUDIT_2Q_PD_388x314_10.jpg,-1
Snackers Market Cheese & Pretzels 40g,$1.99,$49.75 per kg,https://www.aldi.com.au/fileadmin/fm-dam/Products/Groceries/Snacks/1001605-11_PD_Q4_WEB-AUDIT_SNACKS_388x314_2.jpg,-1
Beautifully Butterfully Dairy Spread 500g,$4.79,96c per 100g,https://www.aldi.com.au/fileadmin/_processed_/c/c/csm_1001829-2_Q1-WEB-AUDIT_DAIRY-EGGS_PD_388x314_14_RET_437c35db9c.jpg,-1
Pure Valley Unsalted Butter 500g,$6.39,$1.28 per 100g,https://www.aldi.com.au/fileadmin/_processed_/b/3/csm_1001829-2_Q1-WEB-AUDIT_DAIRY-EGGS_PD_388x314_18_RET_631be5e43c.jpg,-1
Westacre Dairy Tasty Cheese Block 1kg,$9.79,$9.79 per kg,https://www.aldi.com.au/fileadmin/fm-dam/Products/Groceries/dairy/2022/Q4/Products/1001605-3_PD_Q4_WEB-AUDIT_DAIRY_388x314_13.jpg,-1
Westacre Dairy Tasty Cheese Slices 250g,$4.49,$17.96 per kg,https://www.aldi.com.au/fileadmin/fm-dam/Products/Groceries/dairy/2022/Q4/Products/1001605-3_PD_Q4_WEB-AUDIT_DAIRY_388x314_7.jpg,-1
Snackers Market Cheese & Mini Crackers 35g,$1.99,$56.86 per kg,https://www.aldi.com.au/fileadmin/fm-dam/Products/Groceries/Snacks/1001605-11_PD_Q4_WEB-AUDIT_SNACKS_388x314_3.jpg,-1
Snackers Market Cheese, Ham & Crackers 60g,$2.99,$49.83 per kg,https://www.aldi.com.au/fileadmin/fm-dam/Products/Groceries/Snacks/1001605-11_PD_Q4_WEB-AUDIT_SNACKS_388x314_4.jpg,-1
FARMDALE Light Sour Cream 300g,$3.19,$1.06 per 100g,https://www.aldi.com.au/fileadmin/fm-dam/Products/Groceries/dairy/2022/Q3/Products/1001349_ALN-2_PD_Q3_WEB-AUDIT_388x314_34a.jpg,-1
FARMDALE Sour Cream 300g,$3.19,$1.06 per 100ml,https://www.aldi.com.au/fileadmin/fm-dam/Products/Groceries/dairy/2022/Q3/Products/1001349_ALN-2_PD_Q3_WEB-AUDIT_388x314_33a.jpg,-1
Brooklea Joi Deluxe Yogurt Classics 6 x 150g,$3.99,44c per 100g,https://www.aldi.com.au/fileadmin/_processed_/6/4/csm_1001829-2_Q1-WEB-AUDIT_DAIRY-EGGS_PD_388x314_11_RET_3925fc74ed.jpg,-1
Lyttos Greek Style Natural Yogurt 2kg,$11.49,57c per 100g,https://www.aldi.com.au/fileadmin/_processed_/f/e/csm_1001829-2_Q1-WEB-AUDIT_DAIRY-EGGS_PD_388x314_4_RET_09db2fc004.jpg,-1
Brooklea Organic Vanilla Bean Yogurt 1kg,$4.99,50c per 100g,https://www.aldi.com.au/fileadmin/_processed_/5/2/csm_1001829-2_Q1-WEB-AUDIT_DAIRY-EGGS_PD_388x314_8_RET_51a28bfba4.jpg,-1
FARMDALE Thickened Cream 600ml,$4.49,75c per 100ml,https://www.aldi.com.au/fileadmin/fm-dam/Products/Groceries/dairy/2022/Q3/Products/1001349_ALN-2_PD_Q3_WEB-AUDIT_388x314_30a.jpg,-1
Snackers Market Dip & Crackers 65g,$1.69,$26.00 per 100g,https://www.aldi.com.au/fileadmin/fm-dam/Products/Groceries/Snacks/1001605-11_PD_Q4_WEB-AUDIT_SNACKS_388x314_5.jpg,-1
Snackers Market Cheese Strips 8pk/168g,$3.79,$22.56 per kg,https://www.aldi.com.au/fileadmin/fm-dam/Products/Groceries/Snacks/1001605-11_PD_Q4_WEB-AUDIT_SNACKS_388x314_6.jpg,-1
Brooklea Greek Style Yoghurt No Added Sugar 750g,$4.99,67c per 100g,https://www.aldi.com.au/fileadmin/_processed_/8/6/csm_1001829-2_Q1-WEB-AUDIT_DAIRY-EGGS_PD_388x314_3_RET_a6f41ba7c9.jpg,-1
Premiére Mango Yogurt 4x115g,$3.49,76c per 100g,https://www.aldi.com.au/fileadmin/_processed_/c/f/csm_1001829-2_Q1-WEB-AUDIT_DAIRY-EGGS_PD_388x314_10_RET_68ddf57fb4.jpg,-1
Brooklea Organic Natural Yogurt 1kg,$4.99,50c per 100g,https://www.aldi.com.au/fileadmin/_processed_/7/7/csm_1001829-2_Q1-WEB-AUDIT_DAIRY-EGGS_PD_388x314_7_RET_678c2b3774.jpg,-1
FARMDALE Double Cream 300ml,$4.39,$1.46 per 100ml,https://www.aldi.com.au/fileadmin/fm-dam/Products/Groceries/dairy/2022/Q3/Products/1001349_ALN-2_PD_Q3_WEB-AUDIT_388x314_32a.jpg,-1
FARMDALE Light Thickened Cream 300ml,$2.79,93c per 100ml,https://www.aldi.com.au/fileadmin/fm-dam/Products/Groceries/dairy/2022/Q3/Products/1001349_ALN-2_PD_Q3_WEB-AUDIT_388x314_31a.jpg,-1
Brooklea Joi Mango Yogurt 1kg,$3.69,37c per 100g,https://www.aldi.com.au/fileadmin/_processed_/4/9/csm_1001829-2_Q1-WEB-AUDIT_DAIRY-EGGS_PD_388x314_5_RET_cff2161386.jpg,-1
Premiere Fruit Swirl Blueberry Yogurt 720g,$5.49,76c per 100g,https://www.aldi.com.au/fileadmin/_processed_/a/1/csm_1001829-2_Q1-WEB-AUDIT_DAIRY-EGGS_PD_388x314_9a_RET_956a1b134d.jpg,-1
Farmdale Whipped Cream 250g,$5.29,$2.12 per 100g,https://www.aldi.com.au/fileadmin/fm-dam/Products/Groceries/dairy/2022/Q4/Products/1001605-3_PD_Q4_WEB-AUDIT_DAIRY_388x314_17.jpg,-1
Brooklea Family Lite Yogurt 1kg,$3.69,37c per 100g,https://www.aldi.com.au/fileadmin/_processed_/7/a/csm_1001829-2_Q1-WEB-AUDIT_DAIRY-EGGS_PD_388x314_6_RET_99cf7a92d9.jpg,-1
Brooklea Yogurt Squishies 70g,currently unavailable,99c per 100g,https://www.aldi.com.au/fileadmin/_processed_/1/7/csm_1001829-2_Q1-WEB-AUDIT_DAIRY-EGGS_PD_388x314_12a_RET_b2fb2ed0b8.jpg,-1
Chocolate Stampede Dairy Snack 12pk,$4.99,42c per 100g,https://www.aldi.com.au/fileadmin/fm-dam/Products/Groceries/dairy/2022/Q1/Products/1000855_ALN-11_PD_Q1_WEB-AUDIT_388x314_14.jpg,-1
Chocolate Flavoured Custard Pouch 70g,$1.59,$2.27 per 100g,https://www.aldi.com.au/fileadmin/fm-dam/Products/Groceries/dairy/2022/Q1/Products/1000855_ALN-11_PD_Q1_WEB-AUDIT_388x314_46.jpg,-1
Vanilla Flavoured Custard Pouch 70g,$1.59,$2.27 per 100g,https://www.aldi.com.au/fileadmin/fm-dam/Products/Groceries/dairy/2022/Q1/Products/1000855_ALN-11_PD_Q1_WEB-AUDIT_388x314_45.jpg,-1
Food Envy Italian Family Desserts 500g,$4.49,86c per 100g,https://www.aldi.com.au/fileadmin/fm-dam/Products/Groceries/dairy/2021/ALN3354_Q2-WEB-AUDIT_PD_388x314_20a.jpg,-1
Food Envy Mini Dutch Pancakes 250g,$3.99,$1.60 per 100g,https://www.aldi.com.au/fileadmin/fm-dam/Products/Groceries/dairy/2021/ALN3354_Q2-WEB-AUDIT_PD_388x314_18.jpg,-1
Marvellicious Choc Mousse 12pk,$5.99,$1.00 per 100g,https://www.aldi.com.au/fileadmin/fm-dam/Products/Groceries/dairy/2022/Q1/Products/1000855_ALN-11_PD_Q1_WEB-AUDIT_388x314_47.jpg,-1
Food Envy Sweet Crepes 8pk/480g,$3.99,83c per 100g,https://www.aldi.com.au/fileadmin/fm-dam/Products/Groceries/dairy/2021/ALN3354_Q2-WEB-AUDIT_PD_388x314_17.jpg,-1
Food Envy Chocolate Mousse with Salted Caramel 2 x 62g,$2.49,$2.01 per 100g,https://www.aldi.com.au/fileadmin/fm-dam/Products/Groceries/dairy/2020/ALN2670_Q1_WEB_AUDIT__DAIRY_EGGS__PD_388x314_3.jpg,-1
Brooklea Yogurt Assorted Varieties 100g,$1.39,$1.39 per 100g,https://www.aldi.com.au/fileadmin/_processed_/f/2/csm_1001829-2_Q1-WEB-AUDIT_DAIRY-EGGS_PD_388x314_13a_RET_R_5b6a5a241e.jpg,-1
Food Envy Rice Pudding Vanilla Bean 2 x 170g,$2.49,73c per 100g,https://www.aldi.com.au/fileadmin/fm-dam/Products/Groceries/dairy/2021/ALN3354_Q2-WEB-AUDIT_PD_388x314_19a.jpg,-1
Farmdale Custard 1L,$2.49,25c per 100ml,https://www.aldi.com.au/fileadmin/fm-dam/Products/Groceries/dairy/2022/Q3/Products/1001349_ALN-2_PD_Q3_WEB-AUDIT_388x314_53a.jpg,-1
Food Envy Chocolate Mousse 2 x 62g,$2.49,$2.01 per 100g,https://www.aldi.com.au/fileadmin/fm-dam/Products/Groceries/dairy/2020/ALN2670_Q1_WEB_AUDIT__DAIRY_EGGS__PD_388x314_2.jpg,-1
Chocolate Stampede Dairy Snack 140g,$1.99,$1.42 per 100g,https://www.aldi.com.au/fileadmin/fm-dam/Products/Groceries/dairy/2022/Q1/Products/1000855_ALN-11_PD_Q1_WEB-AUDIT_388x314_44.jpg,-1
Vanilla Flavoured Custard 1kg,$2.79,28c per 100g,https://www.aldi.com.au/fileadmin/fm-dam/Products/Groceries/dairy/2022/Q1/Products/1000855_ALN-11_PD_Q1_WEB-AUDIT_388x314_15.jpg,-1
Food Envy Crème Caramel 2 x 150g,$2.49,83c per 100g,https://www.aldi.com.au/fileadmin/fm-dam/Products/Groceries/dairy/2020/ALN2670_Q1_WEB_AUDIT__DAIRY_EGGS__PD_388x314_4.jpg,-1