Coles Red Capsicum | approx 200g, $1.58, $7.90 per 1kg, https://productimages.coles.com.au/productimages/4/4580208.jpg
Coles Carrots Loose | approx 170g, $0.42, $2.50 per 1kg, https://productimages.coles.com.au/productimages/4/4223335.jpg
Jameson Irish Whiskey 700mL | 1 Each, $63.00, $90.00 per 1L, https://productimages.coles.com.au/productimages/8/8328110.jpg
Nescafe Blend 43 Instant Coffee | 500g, $17.00, $3.40 per 100g, https://productimages.coles.com.au/productimages/2/202672.jpg
Cenovis Mega Vitamin C 1000mg Tablets For Immunity | 60 pack, $8.88, $0.15 per 1ea, https://productimages.coles.com.au/productimages/9/9314518.jpg
Nutella Hazelnut Chocolate Spread | 400g, $5.70, $1.43 per 100g, https://productimages.coles.com.au/productimages/9/9032651.jpg
Chivas Regal 12YO Scotch Whisky 700mL | 1 Each, $63.00, $90.00 per 1L, https://productimages.coles.com.au/productimages/8/8328867.jpg
Barker's Strawberry Jam | 455g, $6.30, $1.38 per 100g, https://productimages.coles.com.au/productimages/7/7549361.jpg
Twinings English Breakfast Tea Bags 100 pack | 200g, $6.75, $0.07 per 1ea, https://productimages.coles.com.au/productimages/3/304752.jpg
Coles Fragrance Free White Facial Tissues | 224 pack, $1.70, $0.76 per 100ea, https://productimages.coles.com.au/productimages/9/9031160.jpg
Tip Top Raisin Toast Bread | 520g, $5.20, $1.00 per 100g, https://productimages.coles.com.au/productimages/7/7024470.jpg
Coles Butternut Pumpkin Whole | approx 2Kg, $7.00, $3.50 per 1kg, https://productimages.coles.com.au/productimages/4/4183423.jpg
Coles Imperial Mandarins Medium | approx 80g, $0.20, $2.50 per 1kg, https://productimages.coles.com.au/productimages/4/409750.jpg
Continental Cup A Soup Creamy Chicken With Lots Of Noodles Serves 2 | 60g, $1.40, $2.33 per 100g, https://productimages.coles.com.au/productimages/2/255646.jpg
McGuigan Black Label Red Blend 750mL | 1 Each, $8.00, $10.67 per 1L, https://productimages.coles.com.au/productimages/8/8235100.jpg
Campbell's Country Ladle Soup Can Creamy Chicken | 500g, $4.50, $0.90 per 100g, https://productimages.coles.com.au/productimages/9/9680312.jpg
McCormick Produce Partner Italia Roast Potatoes | 40g, $1.80, $4.50 per 100g, https://productimages.coles.com.au/productimages/5/5221380.jpg
Coles Green Capsicum Loose | approx 250g, $1.73, $6.90 per 1kg, https://productimages.coles.com.au/productimages/7/7214862.jpg
St Hallett Faith Shiraz 750mL | 1 Each, $15.00, $20.00 per 1L, https://productimages.coles.com.au/productimages/8/8237965.jpg
Tip Top Original English Muffins 6 Pack | 400g, $6.00, $1.50 per 100g, https://productimages.coles.com.au/productimages/3/332394.jpg
Sorbent Hypo Allergenic White Facial Tissues | 200 pack, $2.70, $1.35 per 100ea, https://productimages.coles.com.au/productimages/3/3048310.jpg
Primo Champagne Ham From the Deli | approx 100g, $2.20, $22.00 per 1kg, https://productimages.coles.com.au/productimages/4/4222321.jpg
Don Virginian Leg Ham Sliced | approx 100g, $2.70, $27.00 per 1kg, https://productimages.coles.com.au/productimages/3/3052929.jpg
Pascall Pink and White Marshmallows | 280g, $2.50, $0.89 per 100g, https://productimages.coles.com.au/productimages/2/2351855.jpg
Kleenex Aloe Vera & Vitamin E 3 Ply Facial Tissues | 140 pack, $4.50, $3.21 per 100ea, https://productimages.coles.com.au/productimages/7/7340120.jpg
Nutella Hazelnut Chocolate Spread | 750g, $9.75, $1.30 per 100g, https://productimages.coles.com.au/productimages/6/6690772.jpg
Jack Daniels Whiskey 700mL | 1 Each, $52.00, $74.29 per 1L, https://productimages.coles.com.au/productimages/8/8331431.jpg
Golden Wholemeal Crumpets 6 Pack | 300g, $2.20, $0.73 per 100g, https://productimages.coles.com.au/productimages/2/292223.jpg
Campbell's Real Stock Chicken Stock Salt Reduced | 1L, $4.50, $0.45 per 100mL, https://productimages.coles.com.au/productimages/8/8837306.jpg
Coles Sweet Gold Potatoes Loose | approx 350g, $0.88, $2.50 per 1kg, https://productimages.coles.com.au/productimages/4/4199503.jpg
Fresh Strawberries Prepacked | 250g, $6.50, $26.00 per 1kg, https://productimages.coles.com.au/productimages/5/5191256.jpg
Primo Middle Bacon Rind On | approx 100g, $1.28, $12.80 per 1kg, https://productimages.coles.com.au/productimages/4/4304255.jpg
Coles Ham Off The Bone | approx 100g, $3.60, $36.00 per 1kg, https://productimages.coles.com.au/productimages/5/5495432.jpg
Quilton Classic White Facial Tissues | 110 pack, $2.50, $2.27 per 100ea, https://productimages.coles.com.au/productimages/3/3055268.jpg
Don White Hungarian Salami | approx 100g, $2.95, $29.50 per 1kg, https://productimages.coles.com.au/productimages/5/5185446.jpg
Rapaura Springs Marlborough Sauvignon Blanc 750mL | 1 Each, $12.00, $16.00 per 1L, https://productimages.coles.com.au/productimages/1/1028209.jpg
Coles English Muffins 6 Pack | 400g, $2.90, $0.73 per 100g, https://productimages.coles.com.au/productimages/4/4723134.jpg
Primo Short Cut Bacon | approx 250g, $4.50, $18.00 per 1kg, https://productimages.coles.com.au/productimages/4/4304277.jpg
Golden Round Crumpets | 6 pack, $2.20, $0.37 per 1ea, https://productimages.coles.com.au/productimages/3/332383.jpg
Coles Finest Pure Canadian Maple Syrup | 250mL, $6.60, $2.64 per 100mL, https://productimages.coles.com.au/productimages/1/1790270.jpg
Fight MND 2023 Beanie | 1 each, $25.00, $25.00 per 1ea, https://productimages.coles.com.au/productimages/5/5938679.jpg
Coles Garlic Bread Twin Pack | 450g, $2.30, $0.51 per 100g, https://productimages.coles.com.au/productimages/7/7319725.jpg
Campbell's Real Stock Chicken Stock | 1L, $4.50, $0.45 per 100mL, https://productimages.coles.com.au/productimages/8/8157935.jpg
Coles Carisma Washed Potatoes | 2kg, $7.50, $3.75 per 1kg, https://productimages.coles.com.au/productimages/7/7712327.jpg
Campbell's Real Stock Beef Stock | 1L, $4.50, $0.45 per 100mL, https://productimages.coles.com.au/productimages/8/8055800.jpg
Coles Quick Oats | 900g, $1.65, $0.18 per 100g, https://productimages.coles.com.au/productimages/5/5290338.jpg
Cadbury Drinking Chocolate | 450g, $6.00, $1.33 per 100g, https://productimages.coles.com.au/productimages/3/3984857.jpg
Coles Deli Don Kabana | 1 each, $4.20, $4.20 per 1ea, https://productimages.coles.com.au/productimages/2/2076604.jpg
Coles Pikelets 8 pack | 200g, $2.20, $1.10 per 100g, https://productimages.coles.com.au/productimages/4/4799340.jpg
Coles Bacon Streaky | 200g, $5.00, $25.00 per 1kg, https://productimages.coles.com.au/productimages/1/1015615.jpg
Coles Deli Thawed Basa Fillets | approx 200g, $2.20, $11.00 per 1kg, https://productimages.coles.com.au/productimages/9/9398755.jpg
Coles Deli RSPCA Approved Chicken Drumsticks | approx 160g, $0.72, $4.50 per 1kg, https://productimages.coles.com.au/productimages/2/2271643.jpg
Coles Lamb Leg Roast Half | approx 1.74kg, $26.10, $15.00 per 1kg, https://productimages.coles.com.au/productimages/9/9246065.jpg
Lipton Black Tea Bags | 100 Pack, $5.80, $0.06 per 1ea, https://productimages.coles.com.au/productimages/1/116989.jpg
Don Deli Melosi Leg Ham | approx 100g, $3.10, $31.00 per 1kg, https://productimages.coles.com.au/productimages/9/9358230.jpg
Coles Washed Potatoes | 2kg, $5.00, $2.50 per 1kg, https://productimages.coles.com.au/productimages/1/1206748.jpg
Tip Top Cafe Bread Raisin Toast | 650g, $5.00, $0.77 per 100g, https://productimages.coles.com.au/productimages/5/5703766.jpg
Coles Rindless Pan Sized Bacon | 200g, $5.00, $25.00 per 1kg, https://productimages.coles.com.au/productimages/1/1015863.jpg
Coles Gold Kiwifruit | 1 each, $1.50, $1.50 per 1ea, https://productimages.coles.com.au/productimages/6/6979376.jpg
Coles Deli Fresh Tasmanian Salmon Portions Skin On | approx 200g, $6.60, $33.00 per 1kg, https://productimages.coles.com.au/productimages/8/8106800.jpg
Coles Rolled Oats | 900g, $1.65, $0.18 per 100g, https://productimages.coles.com.au/productimages/5/5290305.jpg
Sisters Run Shiraz 750ml | 1 Each, $15.00, $20.00 per 1L, https://productimages.coles.com.au/productimages/8/8933729.jpg
Pepperjack Barossa Shiraz 750mL | 1 Each, $25.00, $33.33 per 1L, https://productimages.coles.com.au/productimages/8/8250409.jpg
Continental Cup A Soup Asian Laksa Serves 2 | 65g, $1.40, $2.15 per 100g, https://productimages.coles.com.au/productimages/8/8887042.jpg
Primo Australian Made Middle Bacon | 200g, $6.00, $30.00 per 1kg, https://productimages.coles.com.au/productimages/6/6303027.jpg
Coles Deli RSPCA Approved Chicken Breast Fillets | approx 300g, $3.00, $10.00 per 1kg, https://productimages.coles.com.au/productimages/2/2271199.jpg
Bertocchi Triple Smoked Leg Ham | approx 100g, $2.95, $29.50 per 1kg, https://productimages.coles.com.au/productimages/1/1890118.jpg
Kleenex Everyday 2 Ply Facial Tissues | 200 pack, $3.00, $1.50 per 100ea, https://productimages.coles.com.au/productimages/3/3661268.jpg
Coles Green Kiwifruit | 1 each, $0.80, $0.80 per 1ea, https://productimages.coles.com.au/productimages/4/4425883.jpg
Primo Manuka Honey Leg Ham | 100g, $3.70, $37.00 per 1kg, https://productimages.coles.com.au/productimages/9/9065548.jpg
Thomson'S Deli English Style Ham Quad Pack | 400g, $5.50, $13.75 per 1kg, https://productimages.coles.com.au/productimages/2/2260476.jpg
Bertocchi Natural Hickory Smoked Leg Ham | approx 100g, $2.50, $25.00 per 1kg, https://productimages.coles.com.au/productimages/7/7103680.jpg
Coles Deli Thawed Raw Peeled Prawn Meat | approx 250g, $7.00, $28.00 per 1kg, https://productimages.coles.com.au/productimages/3/3944524.jpg
Coles English Sliced Ham | 100g, $2.30, $23.00 per 1kg, https://productimages.coles.com.au/productimages/3/3053353.jpg
Thomson's Deli Supreme Chicken Breast | approx 100g, $1.65, $16.50 per 1kg, https://productimages.coles.com.au/productimages/4/4658349.jpg
Primo Chicken Breast Thinly Sliced | 80g, $3.70, $46.25 per 1kg, https://productimages.coles.com.au/productimages/2/2814057.jpg
Don Skinless Thin Frankfurt's | approx 100g, $1.10, $11.00 per 1kg, https://productimages.coles.com.au/productimages/3/328739.jpg
Coles Hass Avocados | 1 each, $1.50, $1.50 per 1ea, https://productimages.coles.com.au/productimages/5/5900530.jpg
Coles Deli Fresh Tasmanian Salmon Portions Skin Off | approx 250g, $9.00, $36.00 per 1kg, https://productimages.coles.com.au/productimages/8/8104860.jpg
Twinings English Breakfast Tea Bags 100 pack | 200g, $6.75, $0.07 per 1ea, https://productimages.coles.com.au/productimages/3/304752.jpg
Lilydale Chicken Sage & Onion Roast | 1 each, $11.90, $11.90 per 1ea, https://productimages.coles.com.au/productimages/5/5342715.jpg
Coles Deli Fresh West Australian Barramundi Portions Skin On | approx 200g, $6.50, $32.50 per 1kg, https://productimages.coles.com.au/productimages/1/1067914.jpg
Primo Streaky Bacon | approx 100g, $1.90, $19.00 per 1kg, https://productimages.coles.com.au/productimages/4/4304302.jpg
Primo Deli Express Chicken Frankfurt | 750g, $7.40, $9.87 per 1kg, https://productimages.coles.com.au/productimages/3/3052601.jpg
Primo English Sliced Ham | 100g, $3.70, $37.00 per 1kg, https://productimages.coles.com.au/productimages/8/8145856.jpg
Kleenex Aloe Vera & Vitamin E 3 Ply Facial Tissues | 95 pack, $2.60, $0.03 per 1ea, https://productimages.coles.com.au/productimages/5/5749086.jpg
Primo Mild Hungarian Salami | 80g, $3.70, $46.25 per 1kg, https://productimages.coles.com.au/productimages/2/2814013.jpg
Steggles Roasted Turkey Breast From The Deli | approx 100g, $2.85, $28.50 per 1kg, https://productimages.coles.com.au/productimages/1/1202102.jpg
Primo Manuka Honey Bacon | 175g, $6.15, $35.14 per 1kg, https://productimages.coles.com.au/productimages/6/6303050.jpg
Primo Gluten Free Thinly Sliced Champagne Leg Ham | 100g, $3.70, $37.00 per 1kg, https://productimages.coles.com.au/productimages/3/3055086.jpg
Coles Medium Navel Oranges | approx 180g, $0.70, $3.90 per 1kg, https://productimages.coles.com.au/productimages/4/4255717.jpg
Coles Bacon Shortcut Rindless | 200g, $5.00, $25.00 per 1kg, https://productimages.coles.com.au/productimages/1/1015411.jpg
Tip Top Wholemeal English Muffins 6 Pack | 400g, $6.00, $1.50 per 100g, https://productimages.coles.com.au/productimages/5/5137320.jpg
Coles Deli Thawed Raw Black Tiger Prawns | approx 250g, $5.50, $22.00 per 1kg, https://productimages.coles.com.au/productimages/3/3954674.jpg
Coles RSPCA Approved Whole Chicken Roast | 1 each, $12.00, $12.00 per 1ea, https://productimages.coles.com.au/productimages/2/2271188.jpg
Coles Thawed Seafood Marinara Mix | approx 250g, $3.75, $15.00 per 1kg, https://productimages.coles.com.au/productimages/4/4377340.jpg
Coles Deli RSPCA Approved Chicken Thigh Fillets | approx 150g, $2.02, $13.50 per 1kg, https://productimages.coles.com.au/productimages/2/2272657.jpg
Primo Dairy Short Cut Rindless Bacon | 750g, $15.50, $20.67 per 1kg, https://productimages.coles.com.au/productimages/4/4238285.jpg
Thomson's Deli Honey Ham Sliced Quad Pack | 400g, $5.50, $13.75 per 1kg, https://productimages.coles.com.au/productimages/2/2260465.jpg
Primo Australian Short Cut Bacon | 200g, $6.00, $30.00 per 1kg, https://productimages.coles.com.au/productimages/6/6286992.jpg
Coles Deli RSPCA Approved Chicken Breast Chunks | approx 250g, $2.50, $10.00 per 1kg, https://productimages.coles.com.au/productimages/1/1976461.jpg
Primo Gluten Free Thinly Sliced Double Smoked Leg Ham | 100g, $3.70, $37.00 per 1kg, https://productimages.coles.com.au/productimages/2/2819436.jpg
Air Wick Essential Mist Prime Happiness | 1 pack, $17.50, $17.50 per 1ea, https://productimages.coles.com.au/productimages/4/4882932.jpg
Morning Fresh Raspberry & Crisp Apple Dishwashing Liquid | 900mL, $4.75, $0.53 per 100mL, https://productimages.coles.com.au/productimages/3/3208890.jpg
Coles Kitchen Tidy Lavender Large | 25 pack, $2.50, $0.10 per 1ea, https://productimages.coles.com.au/productimages/6/6428791.jpg
Air Wick Pure Ultimate Getaways Amalfi Coast Reeds | 30mL, $7.00, $2.33 per 10mL, https://productimages.coles.com.au/productimages/6/6133991.jpg
Quilton 3 Ply White Toilet Paper | 20 pack, $11.00, $0.31 per 100ea, https://productimages.coles.com.au/productimages/7/7758634.jpg
Morning Fresh Lemon Dishwashing Liquid | 900mL, $4.75, $0.53 per 100mL, https://productimages.coles.com.au/productimages/9/9735935.jpg
Coles Deli Hot Hungarian Don Salami | approx 100g, $2.95, $29.50 per 1kg, https://productimages.coles.com.au/productimages/5/5505376.jpg
MasterChef 26cm Non-stick Frypan | 1 each, $70.00, $70.00 per 1ea, https://productimages.coles.com.au/productimages/5/5821478.jpg
Coles Dishwashing Liquid Lemon | 1L, $1.50, $0.15 per 100mL, https://productimages.coles.com.au/productimages/7/7983914.jpg
Kleenex Complete Clean Toilet Paper | 32 pack, $18.00, $0.31 per 100ea, https://productimages.coles.com.au/productimages/1/1991793.jpg
Latina Fresh Beef Ravioli | 625g, $8.50, $1.36 per 100g, https://productimages.coles.com.au/productimages/5/5404110.jpg
Coles 2 Ply Paper Towels | 2 pack, $1.90, $1.19 per 100ea, https://productimages.coles.com.au/productimages/5/5106031.jpg
Viva Paper Towels | 3 pack, $5.50, $3.06 per 100ea, https://productimages.coles.com.au/productimages/5/5048219.jpg
Finish Ultimate All In One Lemon | 100 pack, $47.00, $0.47 per 1ea, https://productimages.coles.com.au/productimages/5/5020526.jpg
Jarlsberg Regular Cheese Sliced/Shaved | approx 100g, $3.40, $34.00 per 1kg, https://productimages.coles.com.au/productimages/6/6834125.jpg
Dettol Healthy Clean Antibacterial & Disinfectant Kitchen Surface Spray | 500mL, $5.00, $1.00 per 100mL, https://productimages.coles.com.au/productimages/2/2454439.jpg
Coles RSPCA Approved Chicken Drumsticks Large Pack | approx 1.6kg, $6.40, $4.00 per 1kg, https://productimages.coles.com.au/productimages/2/2923835.jpg
Coles Kitchen Tidy Lavender Medium | 30 pack, $2.50, $0.08 per 1ea, https://productimages.coles.com.au/productimages/6/6428690.jpg
Latina Fresh Roast Chicken & Garlic Ravioli | 625g, $8.50, $1.36 per 100g, https://productimages.coles.com.au/productimages/7/7294409.jpg
Don Deli Strasburg | approx 100g, $1.90, $19.00 per 1kg, https://productimages.coles.com.au/productimages/2/248797.jpg
Quilton 3 Ply Floral Print Soft Double Length Toilet Paper | 9 pack, $13.50, $0.42 per 100ea, https://productimages.coles.com.au/productimages/5/5034000.jpg
Coles Compost Tidy Bag Small | 25 pack, $3.30, $0.13 per 1ea, https://productimages.coles.com.au/productimages/3/3917634.jpg
Earth Choice Dishwashing Liquid | 1L, $2.35, $0.24 per 100mL, https://productimages.coles.com.au/productimages/5/5417360.jpg
Palmolive Ultra Strength Concentrate Dishwashing Liquid Original | 950mL, $8.50, $0.89 per 100mL, https://productimages.coles.com.au/productimages/5/5000799.jpg
Handee Ultra White Paper Towels | 2 pack, $2.70, $2.25 per 100ea, https://productimages.coles.com.au/productimages/5/5294180.jpg
Sorbent Hypo Allergenic Toilet Tissue | 12 pack, $8.50, $0.39 per 100ea, https://productimages.coles.com.au/productimages/5/5865350.jpg
Vogel's Hazelnut Honey And Cinnamon Crunchy Clusters | 450g, $5.50, $1.22 per 100g, https://productimages.coles.com.au/productimages/4/4311261.jpg
Somat Rinser & Drying Booster Dishwasher Rinse Aid | 500mL, $4.75, $0.95 per 100mL, https://productimages.coles.com.au/productimages/4/4447682.jpg
Easy Off Bam Soapscum Trigger | 750mL, $4.25, $0.57 per 100mL, https://productimages.coles.com.au/productimages/5/5020898.jpg
Coles Ultra Paper Towel 3 Ply | 3 pack, $3.20, $1.78 per 100ea, https://productimages.coles.com.au/productimages/3/3566529.jpg
MasterChef 24cm Casserole Pan with Glass Lid 4.2L | 1 each, $80.00, $80.00 per 1ea, https://productimages.coles.com.au/productimages/5/5821343.jpg
Coles Turkish Rolls 4 pack | 400g, $2.80, $0.70 per 100g, https://productimages.coles.com.au/productimages/5/5625017.jpg
Handee Ultra White Double Length Paper Towels | 2 pack, $5.00, $2.08 per 100ea, https://productimages.coles.com.au/productimages/5/5031045.jpg
Old El Paso Taco Sauce Mild | 200g, $4.00, $2.00 per 100g, https://productimages.coles.com.au/productimages/2/291413.jpg
Pine O Cleen Multi Purpose Trigger Spray Crisp Apple | 750mL, $4.00, $0.53 per 100mL, https://productimages.coles.com.au/productimages/1/1974116.jpg
Handee Ultra White Paper Towels | 4 pack, $6.00, $2.50 per 100ea, https://productimages.coles.com.au/productimages/7/7316589.jpg
MasterChef 20cm Non-stick Frypan | 1 each, $50.00, $50.00 per 1ea, https://productimages.coles.com.au/productimages/5/5821398.jpg
Latina Fresh Ricotta & Spinach Agnolotti | 625g, $8.50, $1.36 per 100g, https://productimages.coles.com.au/productimages/5/5469181.jpg
Sorbent Facial Tissues Everyday | 150 pack, $1.90, $1.27 per 100ea, https://productimages.coles.com.au/productimages/6/6322757.jpg
Coles Kitchen Tidy Lemon  Large | 25 pack, $2.50, $0.10 per 1ea, https://productimages.coles.com.au/productimages/6/6428816.jpg
Sard Super Power Spray | 420mL, $6.00, $14.29 per 1L, https://productimages.coles.com.au/productimages/4/4471188.jpg
Popcorners Gluten Free Snacks Cheddar Cheese | 85g, $3.00, $3.53 per 100g, https://productimages.coles.com.au/productimages/5/5348620.jpg
Devondale Full Cream Milk | 2L, $3.95, $1.98 per 1L, https://productimages.coles.com.au/productimages/1/1913790.jpg
Coles Pork Spare Ribs Rr 11X9 Large Tray | approx 800g, $14.40, $18.00 per 1kg, https://productimages.coles.com.au/productimages/8/8600952.jpg
Coles Silverside | approx 100g, $2.50, $25.00 per 1kg, https://productimages.coles.com.au/productimages/1/1472253.jpg
Glen 20 Berry Breeze Disinfectant Spray | 300g, $6.20, $2.07 per 100g, https://productimages.coles.com.au/productimages/3/3314800.jpg
Coles Fragrance free White Facial Tissues | 90 pack, $1.15, $1.28 per 100ea, https://productimages.coles.com.au/productimages/9/9031590.jpg
Viva Double Length Paper Towels | 3 pack, $9.00, $2.50 per 100ea, https://productimages.coles.com.au/productimages/2/2915338.jpg
Kleenex  Comfort Care 3ply Toilet Paper | 18 pack, $10.50, $0.32 per 100ea, https://productimages.coles.com.au/productimages/4/4926958.jpg
Kleenex Aloe Vera & Vitamin E 3 Ply Large & Thick Facial Tissues | 70 pack, $2.60, $3.71 per 100ea, https://productimages.coles.com.au/productimages/2/2372797.jpg
Arnott's Shortbread Cream Biscuits | 250g, $3.00, $1.20 per 100g, https://productimages.coles.com.au/productimages/3/329196.jpg
Handee Ultra White Paper Towels | 3 pack, $5.00, $2.78 per 100ea, https://productimages.coles.com.au/productimages/9/9546921.jpg
Arnott's Lemon Crisp Biscuits | 250g, $3.00, $1.20 per 100g, https://productimages.coles.com.au/productimages/3/329414.jpg
Coles Kitchen Tidy Bag Lavender Small | 40 pack, $2.50, $0.06 per 1ea, https://productimages.coles.com.au/productimages/3/3893650.jpg
Hans Mild Twiggy Sticks | approx 100g, $3.35, $33.50 per 1kg, https://productimages.coles.com.au/productimages/2/2076615.jpg
Quilton King Size Gold 4 Ply Toilet Tissue | 20 pack, $15.00, $0.63 per 100ea, https://productimages.coles.com.au/productimages/3/3055202.jpg
Coles RSPCA Approved BBQ Roasted Chicken Breast | approx 100g, $2.20, $22.00 per 1kg, https://productimages.coles.com.au/productimages/3/3359400.jpg
Kleenex Large & Thick 3 Ply Facial Tissues | 95 pack, $3.15, $3.32 per 100ea, https://productimages.coles.com.au/productimages/9/9333818.jpg
Coles Kitchen Tidy Lemon Medium | 30 pack, $2.50, $0.08 per 1ea, https://productimages.coles.com.au/productimages/6/6428805.jpg
MasterChef 18cm Saucepan with Glass Lid 2L | 1 each, $60.00, $60.00 per 1ea, https://productimages.coles.com.au/productimages/5/5821490.jpg
Coles Bakery Stone Baked By Laurent Mini Olive Pane Di Casa | 1 each, $2.50, $2.50 per 1ea, https://productimages.coles.com.au/productimages/3/3678657.jpg
Coles Boneless Pork Leg Roast | approx 2.1kg, $19.95, $9.50 per 1kg, https://productimages.coles.com.au/productimages/4/4174794.jpg
Quilton 3 Ply Double Length White Toilet Paper | 4 pack, $6.00, $0.42 per 100ea, https://productimages.coles.com.au/productimages/9/9642980.jpg
Coles Banana Muffin Bars | 420g, $5.25, $1.25 per 100g, https://productimages.coles.com.au/productimages/3/3883747.jpg
Icare Facial Tissues 100% Recycled Aloe Vera | 95 pack, $2.20, $2.32 per 100ea, https://productimages.coles.com.au/productimages/6/6325223.jpg
MasterChef 26cm Non-stick Saute Pan with Glass Lid | 1 each, $90.00, $90.00 per 1ea, https://productimages.coles.com.au/productimages/5/5821536.jpg
Somat Gold Dishwashing Tablets | 51 pack, $21.00, $41.18 per 100ea, https://productimages.coles.com.au/productimages/4/4447605.jpg
Hans Mild Twiggy Sticks | 500g, $14.50, $29.00 per 1kg, https://productimages.coles.com.au/productimages/2/2517845.jpg
Somat Excellence Dishwashing Tablets | 45 pack, $21.00, $46.67 per 100ea, https://productimages.coles.com.au/productimages/4/4447310.jpg
Coles Ultra Double Length Paper Towel | 3 pack, $5.50, $1.53 per 100ea, https://productimages.coles.com.au/productimages/4/4189598.jpg
Coles Bakery Stone Baked Mini White Pane Di Casa | 1 each, $2.50, $2.50 per 1ea, https://productimages.coles.com.au/productimages/3/3384893.jpg
Doritos Cheese Supreme Corn Chips Sharepack | 380g, $6.00, $1.58 per 100g, https://productimages.coles.com.au/productimages/3/3568331.jpg
Quilton 3 Ply Unscented White Toilet Paper | 12 pack, $8.50, $0.39 per 100ea, https://productimages.coles.com.au/productimages/5/5034134.jpg
Coles Beef 3 Star Regular Mince | 1kg, $12.00, $12.00 per 1kg, https://productimages.coles.com.au/productimages/8/8850814.jpg
Coles Bakery Stone Baked By Laurent Mini White Sourdough Vienna | 1 each, $2.50, $2.50 per 1ea, https://productimages.coles.com.au/productimages/3/3678668.jpg
Quilton White Toilet Tissue | 6 pack, $6.50, $0.60 per 100ea, https://productimages.coles.com.au/productimages/3/3055257.jpg
Arnott's Venetian Biscuits | 200g, $3.00, $1.50 per 100g, https://productimages.coles.com.au/productimages/3/329403.jpg
Cadbury Milk Chocolate Baking Chips | 200g, $3.50, $1.75 per 100g, https://productimages.coles.com.au/productimages/2/2313620.jpg
Coles Squeezie Vanilla Yoghurt Pouch | 70g, $0.75, $1.07 per 100g, https://productimages.coles.com.au/productimages/1/1013675.jpg
Coles Squeezie Strawberry Yoghurt Pouch | 70g, $0.75, $1.07 per 100g, https://productimages.coles.com.au/productimages/1/1013471.jpg
Devondale Moo Chocolate Flavoured Multipack Milk 200mL | 6 pack, $5.90, $4.92 per 1L, https://productimages.coles.com.au/productimages/1/1262240.jpg
Coles Beef Diced                                                                                                                      | 500g, $11.00, $22.00 per 1kg, https://productimages.coles.com.au/productimages/9/9989977.jpg
Lay's Stax Sour Cream & Onion | 135g, $3.50, $2.59 per 100g, https://productimages.coles.com.au/productimages/5/5986208.jpg
Coles Bakery Mixed Biscuit Tray | 24 pack, $6.00, $0.25 per 1ea, https://productimages.coles.com.au/productimages/3/3735750.jpg
Coles Finest By Laurent White Sourdough Vienna | 1 pack, $6.50, $6.50 per 1ea, https://productimages.coles.com.au/productimages/3/3018024.jpg
Popcorners Gluten Free Snacks Sweet & Salty | 85g, $3.00, $3.53 per 100g, https://productimages.coles.com.au/productimages/5/5349146.jpg
Kellogg's Corn Flakes Breakfast Cereal | 380g, $4.25, $1.12 per 100g, https://productimages.coles.com.au/productimages/8/8494505.jpg
Drovers Beef Mince Big Value Pack | approx 1.9kg, $21.85, $11.50 per 1kg, https://productimages.coles.com.au/productimages/4/4474528.jpg
Morning Fresh Original Dishwashing Liquid | 900mL, $4.75, $0.53 per 100mL, https://productimages.coles.com.au/productimages/9/9736075.jpg
Coles Beef Chuck Casserole Steak | approx 900g, $16.20, $18.00 per 1kg, https://productimages.coles.com.au/productimages/3/3537655.jpg
Coles Asia Premium Thai Coconut Mil | 400mL, $2.00, $0.50 per 100mL, https://productimages.coles.com.au/productimages/3/3902976.jpg
Oreo Creme Biscuits Family Pack Original | 370g, $4.50, $1.22 per 100g, https://productimages.coles.com.au/productimages/3/3711210.jpg
Vogel's Pistachio Almond And Cashew Crunchy Clusters | 400g, $5.50, $1.38 per 100g, https://productimages.coles.com.au/productimages/4/4311283.jpg
Coles Chocolate Chip Muffin Bars | 420g, $5.25, $1.25 per 100g, https://productimages.coles.com.au/productimages/3/3883758.jpg
MasterChef Kitchen Utensils | 2 pack, $20.00, $10.00 per 1ea, https://productimages.coles.com.au/productimages/5/5850545.jpg
Red Rock Deli Sweet Chilli & Sour Cream Potato Chips | 290g, $6.00, $2.07 per 100g, https://productimages.coles.com.au/productimages/4/4382656.jpg
Arnott's Raspberry Shortcake Biscuits | 250g, $3.00, $1.20 per 100g, https://productimages.coles.com.au/productimages/3/329775.jpg
Smith's Crinkle Original Potato Chips | 380g, $6.00, $1.58 per 100g, https://productimages.coles.com.au/productimages/3/3572157.jpg
Coles Asia Premium Thai Coconut Cream | 400mL, $2.00, $0.50 per 100mL, https://productimages.coles.com.au/productimages/3/3903028.jpg
Pepsi Max Soft Drink 375mL | 30 pack, $29.00, $2.58 per 1L, https://productimages.coles.com.au/productimages/7/7837413.jpg
Coles Australian Full Cream Long Life Milk | 1L, $1.60, $1.60 per 1L, https://productimages.coles.com.au/productimages/7/7667368.jpg
Coles Spring Water 24X600Ml | 24 pack, $6.40, $0.44 per 1L, https://productimages.coles.com.au/productimages/7/7906946.jpg
Coles Australian Lite Long Life Milk | 1L, $1.60, $1.60 per 1L, https://productimages.coles.com.au/productimages/7/7239433.jpg
Impressed Essentials Green Supreme | 1L, $4.00, $4.00 per 1L, https://productimages.coles.com.au/productimages/4/4864410.jpg
Coca-Cola Classic Soft Drink Bottle | 2L, $3.50, $1.75 per 1L, https://productimages.coles.com.au/productimages/1/191736.jpg
Lay's Stax Original | 135g, $3.50, $2.59 per 100g, https://productimages.coles.com.au/productimages/5/5986219.jpg
Nestle Nesquik Chocolate Flavoured Milk Drink | 500g, $6.50, $1.30 per 100g, https://productimages.coles.com.au/productimages/1/116107.jpg
Mount Franklin Lightly Sparkling Water Lime | 10 pack, $8.75, $2.33 per 1L, https://productimages.coles.com.au/productimages/3/3738420.jpg
Sakata Classic BBQ Rice Crackers | 100g, $2.30, $2.30 per 100g, https://productimages.coles.com.au/productimages/9/9610430.jpg
Sakata Wholegrain Original Rice Crackers | 90g, $2.30, $2.56 per 100g, https://productimages.coles.com.au/productimages/5/5924925.jpg
Devondale Full Cream Long Life Milk | 1L, $2.20, $2.20 per 1L, https://productimages.coles.com.au/productimages/3/301721.jpg
Smith's Crinkle Cut Salt And Vinegar Potato Chips | 380g, $6.00, $1.58 per 100g, https://productimages.coles.com.au/productimages/3/3568353.jpg
Coca-Cola Classic Soft Drink Bottle | 600mL, $3.20, $5.33 per 1L, https://productimages.coles.com.au/productimages/5/5468407.jpg
Coca-Cola Classic Soft Drink Multipack Mini Cans 6x250mL | 6 pack, $8.35, $5.57 per 1L, https://productimages.coles.com.au/productimages/4/4398689.jpg
Arnott's Monte Carlo Biscuits | 250g, $3.00, $1.20 per 100g, https://productimages.coles.com.au/productimages/3/329072.jpg
Mount Franklin Spring Water Bottle | 600mL, $2.10, $3.50 per 1L, https://productimages.coles.com.au/productimages/7/7014331.jpg
The Juice Brothers Morning Start Juice | 1.5L, $6.00, $4.00 per 1L, https://productimages.coles.com.au/productimages/3/3183756.jpg
Coca-Cola Zero Sugar Soft Drink Bottle | 2L, $3.50, $1.75 per 1L, https://productimages.coles.com.au/productimages/3/3029790.jpg
Coles Natural Spring Water | 1.5L, $0.80, $0.53 per 1L, https://productimages.coles.com.au/productimages/4/4874490.jpg
Mount Franklin Lightly Sparkling WaterPassionfruit Multipack Cans 10 x 375mL | 10 pack, $8.75, $2.33 per 1L, https://productimages.coles.com.au/productimages/3/3847914.jpg
Coles Natural Mineral Water | 1.25L, $0.90, $0.72 per 1L, https://productimages.coles.com.au/productimages/8/8836835.jpg
Nudie Pulp Free Oranges Juice Chilled | 2L, $8.00, $4.00 per 1L, https://productimages.coles.com.au/productimages/8/8738439.jpg
Cocobella Coconut Water Straight Up | 1L, $5.50, $5.50 per 1L, https://productimages.coles.com.au/productimages/1/1251527.jpg
Pepsi Max Soft Drink | 2L, $3.00, $1.50 per 1L, https://productimages.coles.com.au/productimages/5/5441783.jpg
Coca-Cola Zero Sugar Soft Drink Bottle | 1.25L, $1.70, $1.36 per 1L, https://productimages.coles.com.au/productimages/2/2993706.jpg
Solo Lemon Soft Drink | 30 pack, $29.00, $2.58 per 1L, https://productimages.coles.com.au/productimages/7/7837402.jpg
Coles Drink Soy Regular | 1L, $1.15, $1.15 per 1L, https://productimages.coles.com.au/productimages/4/4499631.jpg
Fancy Feast Classic Cat Food Chicken Prime Fillet | 85g, $1.30, $1.53 per 100g, https://productimages.coles.com.au/productimages/9/9417871.jpg
Coles Soda Water | 1.25L, $0.90, $0.72 per 1L, https://productimages.coles.com.au/productimages/8/8836879.jpg
Coles Australian Skim Long Life Milk | 1L, $1.60, $1.60 per 1L, https://productimages.coles.com.au/productimages/7/7667244.jpg
Pedigree Dentastix Large Dog Treats Daily Oral Care Dental Chew | 28 pack, $22.50, $0.80 per 1ea, https://productimages.coles.com.au/productimages/7/7531887.jpg
Pump Spring Water Bottle | 750mL, $2.75, $3.67 per 1L, https://productimages.coles.com.au/productimages/8/8966590.jpg
Dine Saucy Morsels With Salmon Wet Cat Food Tray | 85g, $1.40, $1.65 per 100g, https://productimages.coles.com.au/productimages/7/7599315.jpg
Coca-Cola Classic Soft Drink Bottle | 1.25L, $1.70, $1.36 per 1L, https://productimages.coles.com.au/productimages/1/123011.jpg
Coles Natural Spring Water 350mL | 24 pack, $6.40, $0.76 per 1L, https://productimages.coles.com.au/productimages/6/6103549.jpg
Purina One Adult Dry Cat Food Urinary Tract Health Chicken | 1.4kg, $20.50, $1.46 per 100g, https://productimages.coles.com.au/productimages/5/5027401.jpg
Sanitarium So Good Long Life Regular Soy Milk | 1L, $2.20, $2.20 per 1L, https://productimages.coles.com.au/productimages/4/403029.jpg
Applaws Taste Toppers Dog Tin Multipack Chicken Selection In Gravy Dog Food 5X156g | 5 pack, $12.50, $1.60 per 100g, https://productimages.coles.com.au/productimages/6/6136300.jpg
Coca-Cola Zero Sugar Soft Drink Multipack Cans 24x375mL | 24 pack, $33.35, $3.71 per 1L, https://productimages.coles.com.au/productimages/2/2993740.jpg
Fancy Feast Classic Cat Food Oceanfish Fillet | 85g, $1.30, $1.53 per 100g, https://productimages.coles.com.au/productimages/5/5129842.jpg
Nudie Pulp Oranges Juice Chilled | 2L, $8.00, $4.00 per 1L, https://productimages.coles.com.au/productimages/7/7895759.jpg
Kirks Zero Sugar Orange Soft Drink Cans 10x375ml | 10 pack, $11.60, $3.09 per 1L, https://productimages.coles.com.au/productimages/6/6421566.jpg
Coca-Cola Classic Soft Drink Multipack Cans 24 x 375mL | 24 pack, $33.35, $3.71 per 1L, https://productimages.coles.com.au/productimages/7/7365777.jpg
Powerade ION4 Mountain Blast Sports Drink Sipper Cap | 600mL, $3.85, $6.42 per 1L, https://productimages.coles.com.au/productimages/1/1726056.jpg
Coles Lactose Free UHT Low Fat Milk | 1L, $2.00, $2.00 per 1L, https://productimages.coles.com.au/productimages/1/1850667.jpg
Pepsi Max Cola Soft Drink Bottle | 1.25L, $2.85, $2.28 per 1L, https://productimages.coles.com.au/productimages/5/5441863.jpg
Coles Lactose Free Long Life Full Cream Milk | 1L, $2.00, $2.00 per 1L, https://productimages.coles.com.au/productimages/1/1850656.jpg
Coca-Cola Zero Sugar Soft Drink Bottle | 600mL, $3.20, $5.33 per 1L, https://productimages.coles.com.au/productimages/2/2993728.jpg
Coca-Cola Zero Sugar Soft Drink Multipack Mini Cans 6x250mL | 6 pack, $8.35, $5.57 per 1L, https://productimages.coles.com.au/productimages/4/4398690.jpg
Red Bull Energy Drink Single Can | 250mL, $2.95, $11.80 per 1L, https://productimages.coles.com.au/productimages/8/8654973.jpg
Coles Full Cream Milk Powder | 1kg, $10.00, $1.00 per 100g, https://productimages.coles.com.au/productimages/7/7910535.jpg
Pepsi Max Cola | 600mL, $3.80, $6.33 per 1L, https://productimages.coles.com.au/productimages/9/9107681.jpg
Mount Franklin Sparkling Water Cans Passionfruit 6X250mL | 6 pack, $8.35, $5.57 per 1L, https://productimages.coles.com.au/productimages/6/6266929.jpg
Coles Apple Juice | 2L, $2.80, $1.40 per 1L, https://productimages.coles.com.au/productimages/2/2531530.jpg
4 Legs Natural Wellness Boost With Chicken Vegies & Fruit Meatball Dog Food Tray | 870g, $7.80, $0.90 per 100g, https://productimages.coles.com.au/productimages/3/3833647.jpg
Applaws Grainfree Ocean Fish With Salmon Dry Cat Food | 450g, $6.00, $1.33 per 100g, https://productimages.coles.com.au/productimages/3/3598230.jpg
Red Rock Deli Honey Soy Chicken Party Bag Potato Chips | 290g, $6.00, $2.07 per 100g, https://productimages.coles.com.au/productimages/3/3168639.jpg
Coca-Cola Zero Sugar Soft Drink Multipack Cans 30x375mL | 30 Pack, $24.35, $2.16 per 1L, https://productimages.coles.com.au/productimages/8/8464810.jpg
Raw C Pure Natural Coconut Water | 1L, $3.30, $3.30 per 1L, https://productimages.coles.com.au/productimages/3/3517705.jpg
Farmers Market Adult Chilled Fresh Dog Food Homestyle Shreds With Chicken Carrot & Cranberries | 250g, $5.00, $2.00 per 100g, https://productimages.coles.com.au/productimages/3/3833421.jpg
My Dog Classic Loaf With Wholesome Chicken & Turkey Can Wet Dog Food | 400g, $3.00, $0.75 per 100g, https://productimages.coles.com.au/productimages/3/3994602.jpg
Fussy Cat Grain Free Adult Chilled Fresh Cat Food Prime Steak Mince | 450g, $6.50, $1.44 per 100g, https://productimages.coles.com.au/productimages/4/4572899.jpg
V.I.P Chunkers Adult Chilled Fresh Dog Food Meatballs Lamb | 1kg, $6.00, $0.60 per 100g, https://productimages.coles.com.au/productimages/9/9790616.jpg
Supercoat Adult With Chicken Dry Dog Food | 7kg, $36.00, $0.51 per 100g, https://productimages.coles.com.au/productimages/5/5487037.jpg
Love'em Dog Training Treats Chicken | 200g, $4.00, $2.00 per 100g, https://productimages.coles.com.au/productimages/3/3875476.jpg
Dine Tuna & Prawn Flavour Creamy Treats Cat Food 12g | 4 pack, $3.20, $6.67 per 100g, https://productimages.coles.com.au/productimages/3/3322874.jpg
Coles Orange Juice | 2L, $2.80, $1.40 per 1L, https://productimages.coles.com.au/productimages/2/2531551.jpg
Purina Lucky Dog Adult Minis Beef Vegetable & Pasta Dry Dog Food | 3kg, $11.00, $0.37 per 100g, https://productimages.coles.com.au/productimages/9/9058586.jpg
Powerade ION4 Berry Ice Sports Drink Sipper Cap | 600mL, $3.85, $6.42 per 1L, https://productimages.coles.com.au/productimages/1/1726001.jpg
Schmackos Strapz With Beef Dog Treats | 500g, $16.00, $3.20 per 100g, https://productimages.coles.com.au/productimages/9/9058859.jpg
Whiskas 1+ Years Wet Cat Food With Beef Mince Can | 400g, $2.60, $0.65 per 100g, https://productimages.coles.com.au/productimages/6/6708710.jpg
Fancy Feast Classic Cat Food Tuna Prime Fillet | 85g, $1.30, $1.53 per 100g, https://productimages.coles.com.au/productimages/9/9418025.jpg
Coles Cat Litter Recycled Paper | 21L, $21.00, $1.00 per 1L, https://productimages.coles.com.au/productimages/2/2913707.jpg
Coles Diet Lemonade Soft Drink | 1.25L, $0.90, $0.72 per 1L, https://productimages.coles.com.au/productimages/5/5179160.jpg
Fancy Feast Classic Cat Food Salmon Prime Fillet | 85g, $1.30, $1.53 per 100g, https://productimages.coles.com.au/productimages/9/9515724.jpg
Schmackos Strapz With Beef Dog Treats | 200g, $6.00, $3.00 per 100g, https://productimages.coles.com.au/productimages/3/3742698.jpg
Golden Circle  Tropical Punch Tetra Fruit Drink | 1L, $2.60, $2.60 per 1L, https://productimages.coles.com.au/productimages/3/325730.jpg
Maltesers Milk Chocolate Snack & Share Bag | 140g, $5.00, $3.57 per 100g, https://productimages.coles.com.au/productimages/5/5106508.jpg
Dine Cuts In Gravy with Beef & Liver Wet Cat Food Tray | 85g, $1.40, $1.65 per 100g, https://productimages.coles.com.au/productimages/7/7599279.jpg
Schmackos Strapz Dog Treat Beef Chicken And Liver Variety Pack | 500g, $16.00, $3.20 per 100g, https://productimages.coles.com.au/productimages/3/3015310.jpg
Coles Compost Pet Tidy Bags | 40 pack, $2.50, $0.06 per 1ea, https://productimages.coles.com.au/productimages/3/3914727.jpg
Dine Creamy Treats Tuna Flavour Cat Food 12g | 4 pack, $3.20, $6.67 per 100g, https://productimages.coles.com.au/productimages/2/2913514.jpg
Bow Wow Pig Ear Dog Treats | 1 each, $3.00, $3.00 per 1ea, https://productimages.coles.com.au/productimages/6/6719433.jpg
Dine Creamy Treats Cat Food Mixed Seafood | 4 pack, $3.20, $6.67 per 100g, https://productimages.coles.com.au/productimages/3/3775530.jpg
V.I.P Paws Fresh Adult Chilled Fresh Dog Food Chunky Beef Mince | 600g, $5.50, $0.92 per 100g, https://productimages.coles.com.au/productimages/7/7287651.jpg
Coles Cat Litter Clumping | 4.5kg, $3.50, $0.78 per 1kg, https://productimages.coles.com.au/productimages/8/8932078.jpg
Sanitarium So Good Long Life Unsweetened Almond Milk | 1L, $2.90, $2.90 per 1L, https://productimages.coles.com.au/productimages/1/1260754.jpg
Whiskas 1+ Years Wet Cat Food Chicken Mince Can | 400g, $2.60, $0.65 per 100g, https://productimages.coles.com.au/productimages/7/7136180.jpg
Coles Water 12x600mL | 12 pack, $3.20, $0.44 per 1L, https://productimages.coles.com.au/productimages/4/4661649.jpg
Whiskas Favourites Favourites Kitten Mixed In Jelly Cat Food 12x85g | 12 pack, $12.00, $1.18 per 100g, https://productimages.coles.com.au/productimages/5/5172659.jpg
Friskies Dry Cat Food Adult Indoor Delight | 2.5kg, $16.50, $0.66 per 100g, https://productimages.coles.com.au/productimages/3/3864480.jpg
Bonsoy Soy Milk | 1L, $3.80, $3.80 per 1L, https://productimages.coles.com.au/productimages/5/5357053.jpg
Dine Saucy Morsels With Tuna And Cheese Wet Cat Food Tray | 85g, $1.40, $1.65 per 100g, https://productimages.coles.com.au/productimages/7/7599461.jpg
Devondale Full Cream Long Life Milk 6 pack | 1.2L, $6.00, $5.00 per 1L, https://productimages.coles.com.au/productimages/5/5984520.jpg
Coca-Cola Coke Soft Drink | 30 Pack, $24.35, $2.16 per 1L, https://productimages.coles.com.au/productimages/8/8464796.jpg
Dine Slices With Chicken Wet Cat Food Tray | 85g, $1.40, $1.65 per 100g, https://productimages.coles.com.au/productimages/2/2528819.jpg
Fancy Feast Classic Cat Food Chicken Feast In Gravy | 85g, $1.30, $1.53 per 100g, https://productimages.coles.com.au/productimages/9/9515611.jpg
Vitapet Chewz Chicken Wrapped Rawhide Sticks Dog Treat | 18 pack, $16.50, $0.92 per 1ea, https://productimages.coles.com.au/productimages/3/3454616.jpg
Coles Cat Litter Clay | 10kg, $6.60, $0.66 per 1kg, https://productimages.coles.com.au/productimages/3/3863342.jpg
Aveeno Baby Lightly Scented Wash & Shampoo | 236mL, $12.50, $5.30 per 100mL, https://productimages.coles.com.au/productimages/1/1510840.jpg
Purr Succulent Red Snapper & Tuna In Gravy Cat Food | 85g, $1.20, $1.41 per 100g, https://productimages.coles.com.au/productimages/9/9104956.jpg
Vitapet Chicken Tenders Dog Treat | 200g, $14.50, $7.25 per 100g, https://productimages.coles.com.au/productimages/1/1502365.jpg
Cetaphil Baby Moisturising Bath & Wash | 400mL, $15.80, $3.95 per 100mL, https://productimages.coles.com.au/productimages/5/5335505.jpg
Bellamy's Organic Step 1 Infant Formula | 900g, $34.40, $3.82 per 100g, https://productimages.coles.com.au/productimages/4/4756916.jpg
Johnson's Baby Pure Cornstarch With Aloe & Vitamin E Classic Scented Baby Powder | 255g, $5.50, $2.16 per 100g, https://productimages.coles.com.au/productimages/9/9521534.jpg
My Dog Food Classic Loaf With Tender Chicken Adult Wet Dog | 100g, $1.70, $1.70 per 100g, https://productimages.coles.com.au/productimages/5/5234541.jpg
Only Organic Carrot Apple Rice Cakes | 20g, $2.65, $13.25 per 100g, https://productimages.coles.com.au/productimages/3/3772382.jpg
My Dog Adult Wet Dog Food Gourmet Premium Beef With Cheese Select Toppings | 100g, $1.70, $1.70 per 100g, https://productimages.coles.com.au/productimages/6/6112798.jpg
Dine Slices With Chicken Wet Cat Food 85g Tray | 7 pack, $7.20, $1.21 per 100g, https://productimages.coles.com.au/productimages/2/2741463.jpg
Curash Baby care Fragrance Free 80 Baby Wipes | 1 pack, $5.50, $5.50 per 1ea, https://productimages.coles.com.au/productimages/5/5243145.jpg
Rafferty's Garden Pear & Prune Puree and Nothing Else Baby Food Pouch 4+ Months | 120g, $2.15, $1.79 per 100g, https://productimages.coles.com.au/productimages/3/3625082.jpg
Only Organic Mango Banana Passion Coconut Flexseed With Prebiotics 1-5 Years | 100g, $2.85, $2.85 per 100g, https://productimages.coles.com.au/productimages/4/4162922.jpg
CUB Biodegradable Fragrance Free Baby Wipes | 20 pack, $1.50, $7.50 per 100ea, https://productimages.coles.com.au/productimages/4/4479408.jpg
CUB Biodegradable Fragrance Free Baby Wipes | 80 pack, $2.40, $3.00 per 100ea, https://productimages.coles.com.au/productimages/4/4479350.jpg
Nature's Gift Adult Chilled Fresh Dog Food Deli Roll Beef Potato Carrots & Peas | 200g, $1.80, $0.90 per 100g, https://productimages.coles.com.au/productimages/2/2749567.jpg
Only Organic  Blueberry Purple Carrot Rice Cakes | 20g, $2.65, $13.25 per 100g, https://productimages.coles.com.au/productimages/3/3772305.jpg
Only Organic Banana Mixed Berry Coconut Chia | 100g, $2.85, $2.85 per 100g, https://productimages.coles.com.au/productimages/3/3772473.jpg
Huggies Thick Baby Wipes Fragrance Free | 1 pack, $18.00, $18.00 per 1ea, https://productimages.coles.com.au/productimages/3/3454933.jpg
Babylove Unisex Stretchy Junior Nappy Pants 15-25 Kg Size 6 | 22 pack, $20.00, $0.91 per 1ea, https://productimages.coles.com.au/productimages/7/7268680.jpg
CUB Biodegradable Lightly Scented Baby Wipes | 80 pack, $2.40, $3.00 per 100ea, https://productimages.coles.com.au/productimages/4/4479372.jpg
Johnson's Baby Classic Scented Baby Powder | 400g, $5.50, $1.38 per 100g, https://productimages.coles.com.au/productimages/5/5263142.jpg
Rafferty's Garden Blueberry Mini Yoghurt Drops Baby Food Snack 8+ Months | 8g, $1.60, $20.00 per 100g, https://productimages.coles.com.au/productimages/4/4158890.jpg
Baby Mum-Mum First Rice Rusk Apple & Pumpkin +6 Months | 36g, $3.85, $10.69 per 100g, https://productimages.coles.com.au/productimages/2/2123227.jpg
Aptamil Gold+ 3 Toddler Nutritional Supplement From 1 Year | 900g, $27.00, $3.00 per 100g, https://productimages.coles.com.au/productimages/9/9708670.jpg
Baby Bellies Organic Strawberry Pick-Up Sticks | 16g, $3.75, $23.44 per 100g, https://productimages.coles.com.au/productimages/3/3767451.jpg
Cetaphil Baby Wash & Shampoo | 400mL, $15.80, $3.95 per 100mL, https://productimages.coles.com.au/productimages/3/3508850.jpg
Schmackos Strapz With Liver Dog Treats | 200g, $6.00, $3.00 per 100g, https://productimages.coles.com.au/productimages/3/3742712.jpg
Only Organic  Strawberry Yoghurt Rice Cakes | 30g, $4.00, $13.33 per 100g, https://productimages.coles.com.au/productimages/3/3772451.jpg
Bubs Organic Little Rollies Hazelnut | 25g, $1.80, $7.20 per 100g, https://productimages.coles.com.au/productimages/3/3292911.jpg
Rafferty's Garden Chickpea Corn & Carrot 8+ Months  | 120g, $2.15, $1.79 per 100g, https://productimages.coles.com.au/productimages/3/3620191.jpg
My Dog Classic Loaf With Gourmet Beef Can Wet Dog Food | 400g, $3.00, $0.75 per 100g, https://productimages.coles.com.au/productimages/8/8918929.jpg
Baby Mum-Mum Rice Rusks Banana +8 Months | 36g, $3.85, $10.69 per 100g, https://productimages.coles.com.au/productimages/8/8953850.jpg
Coles Eggs Free Range 12 Pack | 700g, $5.20, $0.74 per 100g, https://productimages.coles.com.au/productimages/9/9453478.jpg
Rafferty's Garden Vegemite Cheesy Bread Sticks 12+ Months | 30g, $3.00, $10.00 per 100g, https://productimages.coles.com.au/productimages/5/5046596.jpg
Rafferty's Garden Apple Banana & Peach and Nothing Else Baby Food Puree Pouch 4+ Months | 120g, $2.15, $1.79 per 100g, https://productimages.coles.com.au/productimages/8/8971885.jpg
Only Organic Banana Berries & Yoghurt Brekkie Baby Food Pouch 8+ Months | 120g, $1.50, $1.25 per 100g, https://productimages.coles.com.au/productimages/2/2134358.jpg
Baby Mum-Mum Rice Rusk Organic Blueberry & Carrot +8 Months | 36g, $3.85, $10.69 per 100g, https://productimages.coles.com.au/productimages/2/2800347.jpg
V.I.P Paws Adult Chilled Fresh Dog Food Reg Diced Tender Chicken | 600g, $5.50, $0.92 per 100g, https://productimages.coles.com.au/productimages/2/2962371.jpg
Little Bellies Baby Puffs Carrot | 12g, $2.00, $16.67 per 100g, https://productimages.coles.com.au/productimages/3/3018374.jpg
CUB Nappy Bags | 200 pack, $3.20, $1.60 per 100ea, https://productimages.coles.com.au/productimages/3/3817980.jpg
Nature's Gift Adult Chilled Fresh Dog Food Deli Roll Chicken Brown Rice & Vegetables | 200g, $1.80, $0.90 per 100g, https://productimages.coles.com.au/productimages/2/2749578.jpg
Huggies Thick Baby Wipes Fragrance Free | 80 pack, $5.00, $6.25 per 100ea, https://productimages.coles.com.au/productimages/6/6894579.jpg
Coles Cage Free Eggs 12 Pack | 700g, $4.60, $0.66 per 100g, https://productimages.coles.com.au/productimages/5/5178633.jpg
Rafferty's Garden Apple Puree and Nothing Else Baby Food Pouch 4+ Months | 120g, $2.15, $1.79 per 100g, https://productimages.coles.com.au/productimages/3/3018807.jpg
Rafferty's Garden Blueberry Banana & Apple Snack Bars Real Fruit Baby Food 8 Pack 12+ Months | 128g, $4.00, $3.13 per 100g, https://productimages.coles.com.au/productimages/1/1204560.jpg
Rafferty's Garden Pear & Superberries Puree and Nothing Else Baby Food Pouch 4+ Months | 120g, $2.15, $1.79 per 100g, https://productimages.coles.com.au/productimages/8/8971896.jpg
Muscletech Nitrotech Protein Powder Vanilla | 680g, $36.80, $5.41 per 100g, https://productimages.coles.com.au/productimages/4/4300403.jpg
CUB Gentle Care Premium Thick & Soft Fragrance Free Baby Wipes | 80 pack, $2.80, $3.50 per 100ea, https://productimages.coles.com.au/productimages/3/3419105.jpg
Rafferty's Garden Banana Pear & Mango Baby Food Puree Pouch 4+ Months | 120g, $2.15, $1.79 per 100g, https://productimages.coles.com.au/productimages/6/6027178.jpg
Fancy Feast Classic Cat Food Chicken Feast Chunky | 85g, $1.30, $1.53 per 100g, https://productimages.coles.com.au/productimages/5/5251460.jpg
Baby Bellies Organic Sweet Potato Pick-Up Sticks | 16g, $3.75, $23.44 per 100g, https://productimages.coles.com.au/productimages/3/3767473.jpg
Only Organic Mango & Yoghurt Brekkie Baby Food Pouch 8+ Months | 120g, $1.50, $1.25 per 100g, https://productimages.coles.com.au/productimages/2/2134336.jpg
Baby Mum-Mum First Rice Rusk Vegetable +6 Months | 36g, $3.85, $10.69 per 100g, https://productimages.coles.com.au/productimages/8/8953861.jpg
Latina Fresh Beef Bolognese | 425g, $6.50, $1.53 per 100g, https://productimages.coles.com.au/productimages/5/5220241.jpg
Rafferty's Garden Apple Sticks Baby Food Snack 8+ Months | 15g, $1.60, $10.67 per 100g, https://productimages.coles.com.au/productimages/4/4158700.jpg
4 Legs Natural Wellness Boost Dog Food With Beef Vegies & Fruit Meatballs | 870g, $7.80, $0.90 per 100g, https://productimages.coles.com.au/productimages/3/3833636.jpg
Purr Gourmet Flaked Tuna & Crabmeat in Gravy Cat Food | 85g, $1.20, $1.41 per 100g, https://productimages.coles.com.au/productimages/9/9104978.jpg
My Dog Select Toppings With Juicy Lamb & Garden Vegetables Adult Wet Dog Food | 100g, $1.70, $1.70 per 100g, https://productimages.coles.com.au/productimages/6/6387388.jpg
Only Organic Apple Blueberry Blackberry Oat Prebiotics 8+ Months | 120g, $1.50, $1.25 per 100g, https://productimages.coles.com.au/productimages/4/4163051.jpg
A2 Toddler Stage 3 Platinum Premium Formula | 900g, $38.00, $4.22 per 100g, https://productimages.coles.com.au/productimages/5/5488266.jpg
Dine Cuts In Gravy With Lamb Wet Cat Food Tray | 85g, $1.40, $1.65 per 100g, https://productimages.coles.com.au/productimages/7/7599290.jpg
Coles Dairy Full Cream Milk | 1L, $1.60, $1.60 per 1L, https://productimages.coles.com.au/productimages/9/9052681.jpg
Nestle NAN SUPREMEpro 3 Premium Toddler Milk Drink Powder From 1 year | 800g, $28.00, $3.50 per 100g, https://productimages.coles.com.au/productimages/4/4161840.jpg
Little Bellies Softcorn Banana | 8g, $2.00, $25.00 per 100g, https://productimages.coles.com.au/productimages/2/2800711.jpg
Coles Full Cream Milk | 3L, $4.50, $1.50 per 1L, https://productimages.coles.com.au/productimages/8/8150288.jpg
Purr Tuna with Whitebait in Gravy Cat Food | 85g, $1.20, $1.41 per 100g, https://productimages.coles.com.au/productimages/7/7581025.jpg
Little Bellies Softcorn Berry & Apple | 8g, $2.00, $25.00 per 100g, https://productimages.coles.com.au/productimages/2/2800799.jpg
Dine Saucy Morsels With Ocean Fish Wet Cat Food 85g Tray | 7 pack, $7.20, $1.21 per 100g, https://productimages.coles.com.au/productimages/7/7591765.jpg
Coles Thickened Cream | 300mL, $2.80, $0.93 per 100mL, https://productimages.coles.com.au/productimages/2/246973.jpg
Lindt Hot Chocolate Flake Milk Tin | 210g, $8.00, $3.81 per 100g, https://productimages.coles.com.au/productimages/6/6934039.jpg
Rafferty's Garden Banana Pear & Mango Porridge Baby Food Pouch 6+ Months | 120g, $2.15, $1.79 per 100g, https://productimages.coles.com.au/productimages/3/3609789.jpg
CUB Biodegradable Fragrance Free Baby Wipes | 480 pack, $11.50, $2.40 per 100ea, https://productimages.coles.com.au/productimages/4/4479496.jpg
Babylove Unisex Stretchy Toddler Nappy Pants 9-14 Kg Size 4 | 28 pack, $20.00, $0.71 per 1ea, https://productimages.coles.com.au/productimages/1/1007107.jpg
A2 Dairy Full Cream Milk | 2L, $6.60, $3.30 per 1L, https://productimages.coles.com.au/productimages/9/9760091.jpg
Curash Water Wipes | 80 pack, $6.00, $7.50 per 100ea, https://productimages.coles.com.au/productimages/3/3779224.jpg
Coles Lite Reduced Fat Milk | 2L, $3.10, $1.55 per 1L, https://productimages.coles.com.au/productimages/8/8379529.jpg
Baby Bellies Organic Blueberry Puffs 7+ Months | 12g, $2.00, $16.67 per 100g, https://productimages.coles.com.au/productimages/3/3501691.jpg
Aptamil Gold+ 1 Baby Infant Formula From 0-6 Months | 900g, $32.00, $3.56 per 100g, https://productimages.coles.com.au/productimages/6/6763800.jpg
Farmers Union Iced Coffee | 2L, $5.00, $2.50 per 1L, https://productimages.coles.com.au/productimages/3/3223679.jpg
Nestle NAN Comfort 3 Toddler Milk Drink Powder From 1 Year  | 800g, $16.00, $2.00 per 100g, https://productimages.coles.com.au/productimages/4/4162616.jpg
Rafferty's Garden Blueberry- Banana & Pear Yoghurt Brekkie 6+ Months | 120g, $2.15, $1.79 per 100g, https://productimages.coles.com.au/productimages/5/5046600.jpg
Rafferty's Garden Apple & Raspberry Snack Bars with Real Fruit Baby Food Snack 12+ Months | 128g, $4.00, $3.13 per 100g, https://productimages.coles.com.au/productimages/3/3018862.jpg
Coles Lite Reduced Fat Milk | 3L, $4.50, $1.50 per 1L, https://productimages.coles.com.au/productimages/9/9107728.jpg
Rafferty's Garden Strawberry Yoghurt Buttons Baby Food Snacks 12+ Months | 28g, $6.00, $21.43 per 100g, https://productimages.coles.com.au/productimages/9/9009810.jpg
Coles Eggs Free Range 12 pack | 600g, $4.80, $0.80 per 100g, https://productimages.coles.com.au/productimages/9/9453456.jpg
Latina Fresh Italian Tomato & Garlic Pasta Sauce | 425g, $6.50, $1.53 per 100g, https://productimages.coles.com.au/productimages/5/5233232.jpg
Latina Fresh Creamy Carbonara Pasta Sauce | 425g, $6.50, $1.53 per 100g, https://productimages.coles.com.au/productimages/5/5404109.jpg
Rafferty's Garden Banana Mini Yoghurt Drops Baby Food Snack 8+ Months | 8g, $1.60, $20.00 per 100g, https://productimages.coles.com.au/productimages/3/3766357.jpg
Coles Full Cream Milk | 2L, $3.10, $1.55 per 1L, https://productimages.coles.com.au/productimages/4/439693.jpg
Rafferty's Garden Blueberry & Banana No Added Sugar Custard 6+ Months | 120g, $2.15, $1.79 per 100g, https://productimages.coles.com.au/productimages/5/5046632.jpg
Sara Lee Frozen Sticky Date Pudding | 475g, $8.50, $1.79 per 100g, https://productimages.coles.com.au/productimages/6/6863815.jpg
Latina Fresh Creamy Sundried Tomato Pasta Sauce | 425g, $6.50, $1.53 per 100g, https://productimages.coles.com.au/productimages/6/6026890.jpg
Latina Fresh Beef Ravioli | 375g, $7.00, $1.87 per 100g, https://productimages.coles.com.au/productimages/5/5051858.jpg
Coles Thickened Cream | 600mL, $4.50, $0.75 per 100mL, https://productimages.coles.com.au/productimages/2/246962.jpg
Betty Crocker Creamy Deluxe Milk Chocolate Frosting | 400g, $5.50, $1.38 per 100g, https://productimages.coles.com.au/productimages/5/5238462.jpg
Coles Cheese Shredded Tasty | 700g, $10.00, $14.29 per 1kg, https://productimages.coles.com.au/productimages/8/8145335.jpg
Coles Jumbo Free Range Eggs 12 Pack | 800g, $5.80, $0.73 per 100g, https://productimages.coles.com.au/productimages/1/1034234.jpg
Dare Iced Coffee Espresso Flavoured Milk | 500mL, $3.70, $7.40 per 1L, https://productimages.coles.com.au/productimages/3/3033935.jpg
A2 Full Cream Milk | 3L, $9.80, $3.27 per 1L, https://productimages.coles.com.au/productimages/3/3186175.jpg
Western Star Traditional Spreadable Butter Blend | 500g, $6.50, $1.30 per 100g, https://productimages.coles.com.au/productimages/7/7716500.jpg
A2 Light Milk | 2L, $6.60, $3.30 per 1L, https://productimages.coles.com.au/productimages/9/9759944.jpg
Yakult Gluten Free Fermented Milk Drink 10 pack | 65mL, $7.70, $11.85 per 1L, https://productimages.coles.com.au/productimages/8/8133824.jpg
Coles Cage Free Eggs 18 Pack | 900g, $6.70, $0.84 per 100g, https://productimages.coles.com.au/productimages/5/5178961.jpg
Farmers Union Greek Style Mango Yoghurt Pouch | 130g, $2.00, $1.54 per 100g, https://productimages.coles.com.au/productimages/3/3305810.jpg
Coles Mozzarella Shredded Cheese | 700g, $11.00, $15.71 per 1kg, https://productimages.coles.com.au/productimages/1/1413334.jpg
Pura Multi Nutrient Full Cream Milk | 2L, $4.10, $2.05 per 1L, https://productimages.coles.com.au/productimages/5/5477930.jpg
Coles No Added Hormone Beef Quick Cook Scotch Fillet Steak | 170g, $8.00, $47.06 per 1kg, https://productimages.coles.com.au/productimages/3/3293594.jpg
Farmers Union Greek Style Natural Yoghurt | 1kg, $6.00, $0.60 per 100g, https://productimages.coles.com.au/productimages/5/5266865.jpg
Pura Full Cream Milk | 3L, $5.90, $1.97 per 1L, https://productimages.coles.com.au/productimages/7/7828977.jpg
Tassal Salmon Portions Mustard And Dill | 300g, $14.00, $46.67 per 1kg, https://productimages.coles.com.au/productimages/5/5286625.jpg
Coles RSPCA Approved Chicken Breast Fillets Small Pack | approx 600g, $7.20, $12.00 per 1kg, https://productimages.coles.com.au/productimages/2/2263168.jpg
Josh's Rainbow Free Range Eggs 12 Pack | 700g, $7.90, $1.13 per 100g, https://productimages.coles.com.au/productimages/2/2364450.jpg
Coles Sour Cream | 300g, $3.25, $1.08 per 100g, https://productimages.coles.com.au/productimages/3/3676946.jpg
Coles Beef Stir Fry Strips | 500g, $13.00, $26.00 per 1kg, https://productimages.coles.com.au/productimages/9/9990965.jpg
Coles Beef 4 Star Lean Mince | 500g, $9.50, $19.00 per 1kg, https://productimages.coles.com.au/productimages/8/8850450.jpg
Coles Lamb Boneless Shoulder Roast | approx 1.3kg, $28.60, $22.00 per 1kg, https://productimages.coles.com.au/productimages/9/9206800.jpg
Sunny Queen Free Range Large Eggs 18 pack | 900g, $9.90, $1.10 per 100g, https://productimages.coles.com.au/productimages/8/8953577.jpg
Coles Greek Style Natural Yoghurt | 1kg, $4.40, $0.44 per 100g, https://productimages.coles.com.au/productimages/2/2273478.jpg
Devondale Full Cream Milk | 3L, $5.95, $1.98 per 1L, https://productimages.coles.com.au/productimages/1/1909941.jpg
Coles RSPCA Approved Chicken Thigh Fillets Small Pack | approx 700g, $10.50, $15.00 per 1kg, https://productimages.coles.com.au/productimages/2/2263317.jpg
Coles Baby Cos Lettuce | 2 pack, $3.50, $1.75 per 1ea, https://productimages.coles.com.au/productimages/4/4646485.jpg
Pace Farm Free Range Natural Living Extra Large Eggs 12 pack | 700g, $7.15, $1.02 per 100g, https://productimages.coles.com.au/productimages/8/8736750.jpg
Sunny Queen Free Range Extra Large Eggs 12 pack | 700g, $7.20, $1.03 per 100g, https://productimages.coles.com.au/productimages/5/5417789.jpg
Coles Free Range Eggs 6 Pack | 300g, $3.50, $1.17 per 100g, https://productimages.coles.com.au/productimages/2/2680008.jpg
Coles Lite Milk Bottle | 1L, $1.60, $1.60 per 1L, https://productimages.coles.com.au/productimages/1/1993256.jpg
Coles Beef 5 Star Extra Lean Mince | 500g, $10.50, $21.00 per 1kg, https://productimages.coles.com.au/productimages/8/8850654.jpg
Coles Broccoli | approx 340g, $1.87, $5.50 per 1kg, https://productimages.coles.com.au/productimages/4/407755.jpg
Coles No Added Hormone Beef Quick Cook Porterhouse Steak | 180g, $8.00, $44.45 per 1kg, https://productimages.coles.com.au/productimages/3/3293583.jpg
Bega Dairy Natural Tasty Cheese Slices 30 Pack | 500g, $10.50, $21.00 per 1kg, https://productimages.coles.com.au/productimages/6/6704811.jpg
Coles Lamb Mince | 500g, $7.50, $15.00 per 1kg, https://productimages.coles.com.au/productimages/8/8850053.jpg
Coles RSPCA Approved Chicken Mince | 500g, $6.50, $13.00 per 1kg, https://productimages.coles.com.au/productimages/4/4352145.jpg
A2 Full Cream Milk | 1L, $3.80, $3.80 per 1L, https://productimages.coles.com.au/productimages/9/9760070.jpg
Coles RSPCA Approved Free Range Chicken Breast Large Pack | approx 1.25kg, $18.75, $15.00 per 1kg, https://productimages.coles.com.au/productimages/3/3227410.jpg
Coles Extra Lean Pork Mince | 500g, $7.00, $14.00 per 1kg, https://productimages.coles.com.au/productimages/8/8782430.jpg
Coles Tasmanian Salmon Portions Skin Off | 460g, $17.50, $38.04 per 1kg, https://productimages.coles.com.au/productimages/3/3613822.jpg
Coles Beef 3 Star Regular Mince      | 500g, $7.00, $14.00 per 1kg, https://productimages.coles.com.au/productimages/8/8850188.jpg
Tassal Salmon Portions Skin On | 300g, $14.00, $46.67 per 1kg, https://productimages.coles.com.au/productimages/5/5285371.jpg
Farmers Union Greek Style Strawberry Yoghurt Pouch | 130g, $2.00, $1.54 per 100g, https://productimages.coles.com.au/productimages/3/3251415.jpg
Coles Green Zucchini | approx 260g, $1.27, $4.90 per 1kg, https://productimages.coles.com.au/productimages/4/4910506.jpg
Coles RSPCA Approved Chicken Breast Mince | 500g, $7.00, $14.00 per 1kg, https://productimages.coles.com.au/productimages/8/8428646.jpg
Coles Quick Cook Pork Belly Slices | 350g, $9.50, $27.14 per 1kg, https://productimages.coles.com.au/productimages/3/3588816.jpg
Coles Carrots Prepacked 1Kg | 1 each, $1.40, $1.40 per 1kg, https://productimages.coles.com.au/productimages/9/9006560.jpg
Pauls Farmhouse Gold Full Cream Milk | 1.5L, $3.90, $2.60 per 1L, https://productimages.coles.com.au/productimages/2/2750602.jpg
Lilydale Free Range Chicken Drumsticks Bulk Pack                | approx 1kg, $7.50, $7.50 per 1kg, https://productimages.coles.com.au/productimages/2/2303852.jpg
Coles Butcher Lamb Forequarter Chops | approx 500g, $7.50, $15.00 per 1kg, https://productimages.coles.com.au/productimages/8/8599241.jpg
Coles No Added Hormone Beef Porterhouse Steak 2 Pack | 450g, $16.00, $35.56 per 1kg, https://productimages.coles.com.au/productimages/4/4997140.jpg
Keens Honey Mustard Recipe Base | 285g, $3.50, $1.23 per 100g, https://productimages.coles.com.au/productimages/5/5221426.jpg
Coles RSPCA Approved Free Range Chicken Thigh Large Pack | approx 1.25kg, $20.62, $16.50 per 1kg, https://productimages.coles.com.au/productimages/3/3228800.jpg
Lilydale Free Range Chicken Breast Fillets Bulk Pack  | approx 1kg, $16.50, $16.50 per 1kg, https://productimages.coles.com.au/productimages/2/2303750.jpg
Coles Pork & Beef 3 Star Mince Bolognese | 500g, $6.50, $13.00 per 1kg, https://productimages.coles.com.au/productimages/8/8782725.jpg
Coles Lebanese Cucumbers | approx 210g, $1.16, $5.50 per 1kg, https://productimages.coles.com.au/productimages/4/4575208.jpg
Coles Dairy Cheese Slices Processed | 500g, $5.00, $10.00 per 1kg, https://productimages.coles.com.au/productimages/2/244242.jpg
Coles Tasmanian Salmon Portions Skin On | 460g, $15.00, $32.61 per 1kg, https://productimages.coles.com.au/productimages/1/1546564.jpg
Coles Medium Lemons | 1 each, $1.20, $1.20 per 1ea, https://productimages.coles.com.au/productimages/5/5318302.jpg
Coles RSPCA Approved Chicken Thigh Fillets Large Pack | approx 1.2kg, $16.20, $13.50 per 1kg, https://productimages.coles.com.au/productimages/2/2263328.jpg
Coles RSPCA Approved Free Range Chicken Wing Nibbles | approx 600g, $4.80, $8.00 per 1kg, https://productimages.coles.com.au/productimages/3/3228832.jpg
Coles Continental Cucumbers Loose | 1 each, $2.00, $2.00 per 1ea, https://productimages.coles.com.au/productimages/4/4575605.jpg
Great Ocean Road Fresh Full Cream Milk | 2L, $4.70, $2.35 per 1L, https://productimages.coles.com.au/productimages/9/9321070.jpg
Coles Baby Broccoli | 1 each, $2.90, $2.90 per 1ea, https://productimages.coles.com.au/productimages/5/5982477.jpg
Coles Spring Onions | 1 bunch, $2.80, $2.80 per 1ea, https://productimages.coles.com.au/productimages/4/408419.jpg
Coles Beef Garlic & Herb Sausages | 550g, $6.60, $12.00 per 1kg, https://productimages.coles.com.au/productimages/3/3923681.jpg
Coles Pork Loin Chops | approx 800g, $12.80, $16.00 per 1kg, https://productimages.coles.com.au/productimages/8/8600850.jpg
Coles Free Range RSPCA Approved Chicken Drumsticks | approx 1.4kg, $8.40, $6.00 per 1kg, https://productimages.coles.com.au/productimages/3/3228774.jpg
Coles Grape Perino Tomatoes Prepacked | 200g, $3.50, $17.50 per 1kg, https://productimages.coles.com.au/productimages/7/7265535.jpg
Fresh Bananas | approx 180g, $0.81, $4.50 per 1kg, https://productimages.coles.com.au/productimages/4/409499.jpg
Coles Iceberg Lettuce | 1 each, $3.90, $3.90 per 1ea, https://productimages.coles.com.au/productimages/4/4584071.jpg
Huon Premium Cold Smoked Salmon | 100g, $10.50, $105.00 per 1kg, https://productimages.coles.com.au/productimages/6/6561805.jpg
Coles Packham Pears | approx 240g, $0.94, $3.90 per 1kg, https://productimages.coles.com.au/productimages/1/156258.jpg
Tassal Fresh Tassie Salmon Portions Skin Off | 300g, $15.00, $50.00 per 1kg, https://productimages.coles.com.au/productimages/5/5285280.jpg
Pura Light Start Low Fat Multi Nutrient Milk | 2L, $4.50, $2.25 per 1L, https://productimages.coles.com.au/productimages/5/5410316.jpg
Coles Red Onion 1 Kg | 1kg, $3.00, $3.00 per 1kg, https://productimages.coles.com.au/productimages/8/8467604.jpg
Fresh Brown Onions Loose | approx 180g, $0.67, $3.70 per 1kg, https://productimages.coles.com.au/productimages/4/4239517.jpg
Pampas Frozen Puff Pastry Sheets 6 pieces | 1kg, $5.20, $0.52 per 100g, https://productimages.coles.com.au/productimages/1/125345.jpg
Coles Wrapped Butternut Pumpkin | approx 700g, $2.45, $3.50 per 1kg, https://productimages.coles.com.au/productimages/4/4190600.jpg
Coles Raspberries | 125g, $5.00, $40.00 per 1kg, https://productimages.coles.com.au/productimages/1/134029.jpg
Coles The Original Beef Sausages | 550g, $6.60, $12.00 per 1kg, https://productimages.coles.com.au/productimages/3/3923626.jpg
Coles Pork Regular Mince | 500g, $5.50, $11.00 per 1kg, https://productimages.coles.com.au/productimages/8/8782554.jpg
Coles Brown Onions | 1kg, $2.50, $2.50 per 1kg, https://productimages.coles.com.au/productimages/4/4803991.jpg
Coles Field Tomatoes Loose | approx 110g, $1.20, $10.90 per 1kg, https://productimages.coles.com.au/productimages/4/4597109.jpg
Farmers Union Yoghurt Peach 130g | 130g, $2.00, $1.54 per 100g, https://productimages.coles.com.au/productimages/3/3830911.jpg
Coles RSPCA Approved Medium Whole Chicken | approx 1.65kg, $7.42, $4.50 per 1kg, https://productimages.coles.com.au/productimages/2/2782438.jpg
Coles Blueberries Prepacked | 125g, $6.90, $55.20 per 1kg, https://productimages.coles.com.au/productimages/5/5543535.jpg
Coles Black Grapes | approx 800g, $2.54, $3.90 per 1kg, https://productimages.coles.com.au/productimages/6/6706282.jpg
Coles Pink Lady Apples | approx 200g, $1.18, $5.90 per 1kg, https://productimages.coles.com.au/productimages/5/5111654.jpg
Coles Seedless Watermelon Cut | approx1.99 kg, $5.77, $2.90 per 1kg, https://productimages.coles.com.au/productimages/7/7508229.jpg
Coles Fresh Loose Cup Mushrooms | approx 200g, $2.70, $13.50 per 1kg, https://productimages.coles.com.au/productimages/4/4594010.jpg
Coles Creme Gold Washed Potatoes Loose | approx140g, $0.63, $4.50 per 1kg, https://productimages.coles.com.au/productimages/1/1182162.jpg
Farmers Union Greek Style Vanilla Bean Yoghurt | 130g, $2.00, $1.54 per 100g, https://productimages.coles.com.au/productimages/3/3087060.jpg
Coles White Seedless Grapes Loose | approx 800g, $4.00, $5.00 per 1kg, https://productimages.coles.com.au/productimages/6/6706395.jpg
Coles RSPCA Approved Chicken Wing Nibbles | approx 1.1kg, $7.70, $7.00 per 1kg, https://productimages.coles.com.au/productimages/2/2021544.jpg
Coles Greenhouse Truss Tomatoes | approx 140g, $1.53, $10.90 per 1kg, https://productimages.coles.com.au/productimages/4/4628676.jpg
Coles Beef 4 Star Lean Mince | 800g, $13.00, $16.25 per 1kg, https://productimages.coles.com.au/productimages/3/3449773.jpg
Coles Family Broccolini | 1 each, $5.90, $5.90 per 1ea, https://productimages.coles.com.au/productimages/4/4841775.jpg
Coles Red Onions Loose | approx 200g, $0.88, $4.40 per 1kg, https://productimages.coles.com.au/productimages/4/4218459.jpg
Coles RSPCA Approved Chicken Breast Fillets Large Pack | approx 1.4kg, $15.40, $11.00 per 1kg, https://productimages.coles.com.au/productimages/2/2263179.jpg
Coles Red Seedless Grapes | approx 800g, $2.80, $3.50 per 1kg, https://productimages.coles.com.au/productimages/6/6706191.jpg
Coles Baby Cucumbers | 250g, $4.50, $18.00 per 1kg, https://productimages.coles.com.au/productimages/4/4578148.jpg
Coles Blackberries Prepacked | 125g, $5.00, $40.00 per 1kg, https://productimages.coles.com.au/productimages/1/134040.jpg
McCain Frozen Hash Browns | 750g, $4.50, $6.00 per 1kg, https://productimages.coles.com.au/productimages/8/8217844.jpg
Gym Bod Cookies And Cream | 475mL, $10.00, $2.11 per 100mL, https://productimages.coles.com.au/productimages/4/4495991.jpg
Coles Lettuce Spinach | 120g, $3.00, $25.00 per 1kg, https://productimages.coles.com.au/productimages/1/1499340.jpg
Coles Royal Gala Apples Loose | approx 160g, $0.94, $5.90 per 1kg, https://productimages.coles.com.au/productimages/5/5226000.jpg
Coles Cauliflower Medium | 1 each, $3.90, $3.90 per 1ea, https://productimages.coles.com.au/productimages/4/4601603.jpg
Steggles Frozen Tempura Chicken Breast Nuggets | 400g, $4.95, $12.38 per 1kg, https://productimages.coles.com.au/productimages/3/3088493.jpg
Coles Frozen Fruit Mixed Berries | 500g, $6.20, $12.40 per 1kg, https://productimages.coles.com.au/productimages/1/1301206.jpg
Coles Frozen Potato Chips French Fries | 1kg, $3.70, $3.70 per 1kg, https://productimages.coles.com.au/productimages/5/52139.jpg
Coles Frozen Fruit Blueberries | 500g, $6.20, $12.40 per 1kg, https://productimages.coles.com.au/productimages/6/6110023.jpg
Bulla Creamy Classics Choc Chip Ice Cream Tub | 2L, $10.00, $0.50 per 100mL, https://productimages.coles.com.au/productimages/9/9486397.jpg
Coles Frozen Australian Potato Chunky Wedges | 750g, $4.20, $5.60 per 1kg, https://productimages.coles.com.au/productimages/6/6068969.jpg
Coles Beer Battered Steakhouse Chips | 750g, $4.20, $5.60 per 1kg, https://productimages.coles.com.au/productimages/2/2271348.jpg
Streets Calippo Mini Ice Raspberry Pineapple Ice Cream 10 pack | 575mL, $9.00, $1.57 per 100mL, https://productimages.coles.com.au/productimages/6/6050216.jpg
Coles Frozen Broccoli Florets | 500g, $3.80, $7.60 per 1kg, https://productimages.coles.com.au/productimages/5/5341010.jpg
McCain Frozen Ham & Pineapple Family Pizza | 500g, $8.50, $1.70 per 100g, https://productimages.coles.com.au/productimages/4/403765.jpg
McCain Frozen BBQ Meatlovers Family Pizza | 500g, $8.50, $1.70 per 100g, https://productimages.coles.com.au/productimages/7/7010250.jpg
McCain Pub Style Extra Crispy Fries | 750g, $4.80, $6.40 per 1kg, https://productimages.coles.com.au/productimages/3/3455448.jpg
Peters Drumstick Minis Vanilla Ice Cream 6 pack | 490mL, $6.50, $1.33 per 100mL, https://productimages.coles.com.au/productimages/5/5863445.jpg
Coles Frozen Potato Royals Oven Fry | 1kg, $4.90, $4.90 per 1kg, https://productimages.coles.com.au/productimages/5/52128.jpg
Gym Bod Chocolate Pudding | 475mL, $10.00, $2.11 per 100mL, https://productimages.coles.com.au/productimages/4/4496065.jpg
Coles Frozen Fruit Sliced Strawberries | 500g, $6.20, $12.40 per 1kg, https://productimages.coles.com.au/productimages/1/1301192.jpg
Coles Frozen Baby Peas | 500g, $3.00, $6.00 per 1kg, https://productimages.coles.com.au/productimages/5/5431644.jpg
Coles Frozen Mini Beef Dim Sims 15 Pieces | 250g, $2.30, $0.92 per 100g, https://productimages.coles.com.au/productimages/1/1093721.jpg
Four'N Twenty Frozen Meat Pies 4 Pack | 700g, $8.50, $1.21 per 100g, https://productimages.coles.com.au/productimages/5/5112318.jpg
Birds Eye Golden Crunch Potato Gems | 900g, $5.50, $6.11 per 1kg, https://productimages.coles.com.au/productimages/5/5052500.jpg
Coles Frozen Carrots Corn & Peas | 1kg, $4.50, $4.50 per 1kg, https://productimages.coles.com.au/productimages/5/5300850.jpg
Coles Frozen Cut Beans | 1kg, $3.70, $3.70 per 1kg, https://productimages.coles.com.au/productimages/1/186474.jpg
Coles Frozen Australian Peas | 1kg, $3.80, $3.80 per 1kg, https://productimages.coles.com.au/productimages/1/186339.jpg
Coles Vegetable Spring Rolls 16 Pack | 270g, $1.85, $0.69 per 100g, https://productimages.coles.com.au/productimages/2/2481963.jpg
Chivas Regal 12YO Scotch Whisky 1L | 1 Each, $75.00, $75.00 per 1L, https://productimages.coles.com.au/productimages/8/8333743.jpg
Natures Nutrients Frozen Chopped Spinach | 250g, $1.00, $4.00 per 1kg, https://productimages.coles.com.au/productimages/1/1313760.jpg
Coles Frozen Corn Kernels | 1kg, $4.50, $4.50 per 1kg, https://productimages.coles.com.au/productimages/2/203642.jpg
Coles Frozen Chicken Breast Nuggets  | 400g, $4.40, $11.00 per 1kg, https://productimages.coles.com.au/productimages/6/6324821.jpg
Family Fave's Sweet Chilli Chicken Tenders | 1kg, $21.50, $21.50 per 1kg, https://productimages.coles.com.au/productimages/4/4315557.jpg
Peters Fight MND Lemonade Icy Pole 8pack | 600mL, $5.00, $0.83 per 100mL, https://productimages.coles.com.au/productimages/6/6481262.jpg
Gym Bod Peanut Butter Salted Caramel | 475mL, $10.00, $2.11 per 100mL, https://productimages.coles.com.au/productimages/4/4495776.jpg
Bulla Creamy Classics Vanilla Ice Cream Tub | 2L, $10.00, $0.50 per 100mL, https://productimages.coles.com.au/productimages/9/9486590.jpg
Steggles Frozen Crumbed Chicken Breast Tenders  | 400g, $6.00, $15.00 per 1kg, https://productimages.coles.com.au/productimages/8/8434627.jpg
Coles Frozen Potato Chips Crinkle Cut | 1kg, $3.70, $3.70 per 1kg, https://productimages.coles.com.au/productimages/3/344269.jpg
McCain Frozen Supreme Family Pizza | 500g, $8.50, $1.70 per 100g, https://productimages.coles.com.au/productimages/2/251124.jpg
Corona Bottle 355mL | 24 Pack, $59.00, $6.92 per 1L, https://productimages.coles.com.au/productimages/5/54492.jpg
Peter Lehmann Shoulder to Shoulder Shiraz 750mL | 1 Each, $15.00, $20.00 per 1L, https://productimages.coles.com.au/productimages/1/1475954.jpg
Coles Green Beans loose | approx 200g, $1.58, $7.90 per 1kg, https://productimages.coles.com.au/productimages/4/407675.jpg
I&J Raw Prawns Tail Off | 500g, $12.00, $24.00 per 1kg, https://productimages.coles.com.au/productimages/3/3580166.jpg
Coles Snap Frozen Winter Vegetables | 500g, $3.00, $6.00 per 1kg, https://productimages.coles.com.au/productimages/9/9738570.jpg
Hahn Super Dry Bottle 330mL | 24 Pack, $52.00, $0.66 per 100mL, https://productimages.coles.com.au/productimages/5/5396984.jpg
Streets Blue Ribbon Vanilla Ice Cream Tub | 2L, $7.00, $0.35 per 100mL, https://productimages.coles.com.au/productimages/2/207938.jpg
Coles Frozen Fruit Raspberries | 500g, $7.00, $14.00 per 1kg, https://productimages.coles.com.au/productimages/6/6109975.jpg
Mrs Mac's Microwaveable Sausage Roll | 175g, $3.20, $1.83 per 100g, https://productimages.coles.com.au/productimages/5/5117708.jpg
Saltram 1859 Barossa Shiraz 750mL | 1 Each, $15.00, $20.00 per 1L, https://productimages.coles.com.au/productimages/1/1283501.jpg
Marathon Frozen Dim Sims | 1.5kg, $10.50, $0.70 per 100g, https://productimages.coles.com.au/productimages/1/182790.jpg
Penfolds Max'S Shiraz 750mL | 1 Each, $25.00, $3.33 per 100mL, https://productimages.coles.com.au/productimages/2/2847996.jpg
Coles Baby Spinach | 60g, $2.00, $33.34 per 1kg, https://productimages.coles.com.au/productimages/1/1499486.jpg
Bulla Creamy Classics Neapolitan Cone 4 Pack | 520mL, $9.00, $1.73 per 100mL, https://productimages.coles.com.au/productimages/5/5487842.jpg
Cleanskin Vodka 700mL | 1 Each, $38.00, $54.29 per 1L, https://productimages.coles.com.au/productimages/2/2125404.jpg
Carlton Dry Bottle 330mL | 24 Pack, $52.00, $0.61 per 100mL, https://productimages.coles.com.au/productimages/4/473583.jpg
Birds Eye Snap Frozen Garden Peas | 1kg, $5.00, $5.00 per 1kg, https://productimages.coles.com.au/productimages/2/222396.jpg
Coles Frozen Peas | 1kg, $2.70, $2.70 per 1kg, https://productimages.coles.com.au/productimages/3/399067.jpg
Coles Frozen Potato Chips Straight Cut | 1kg, $3.70, $3.70 per 1kg, https://productimages.coles.com.au/productimages/2/293485.jpg
Coles Frozen Onions Chopped | 500g, $2.70, $5.40 per 1kg, https://productimages.coles.com.au/productimages/9/9321761.jpg
Peters Drumstick Vanilla Ice Cream 4 pack | 475mL, $6.50, $1.37 per 100mL, https://productimages.coles.com.au/productimages/1/193844.jpg
Birds Eye Deli Sea Salt & Rosemary Seasoned Chips | 600g, $4.80, $8.00 per 1kg, https://productimages.coles.com.au/productimages/1/1194503.jpg
The Ned Marlborough Sauvignon Blanc 750mL | 1 Each, $18.00, $24.00 per 1L, https://productimages.coles.com.au/productimages/8/8272219.jpg
XXXX Gold Block Can 375mL | 30 Pack, $51.00, $4.53 per 1L, https://productimages.coles.com.au/productimages/6/6577554.jpg
Jack Daniels Gentleman Jack 1 Litre | 1 Each, $85.00, $85.00 per 1L, https://productimages.coles.com.au/productimages/3/3544650.jpg
Coles Frozen Beef Party Pies 24 Pack | 1.1 kg, $7.50, $0.68 per 100g, https://productimages.coles.com.au/productimages/5/5613641.jpg
Four N Twenty Traveller Microwavable Classic Beef Pie | 160g, $3.70, $2.31 per 100g, https://productimages.coles.com.au/productimages/3/3542553.jpg
Coles Afourer Mandarins | approx 130g, $0.46, $3.50 per 1kg, https://productimages.coles.com.au/productimages/7/7174994.jpg
Great Northern Original Lager Bottle 330mL | 6 Pack, $19.00, $9.60 per 1L, https://productimages.coles.com.au/productimages/7/7973852.jpg
Wahu New Zealand Sauv Blanc 750mL | 1 Each, $8.50, $11.33 per 1L, https://productimages.coles.com.au/productimages/8/8312302.jpg
Oyster Bay Marlborough Sauvignon Blanc 750mL | 1 Each, $22.00, $29.33 per 1L, https://productimages.coles.com.au/productimages/8/8258681.jpg
Earthworks Cabernet Sauvignon 750mL | 1 Each, $12.00, $16.00 per 1L, https://productimages.coles.com.au/productimages/8/8271089.jpg
Pensilva Estate Shiraz 750mL | 1 Each, $20.00, $26.67 per 1L, https://productimages.coles.com.au/productimages/8/8304520.jpg
Evans & Tate Sauvignon Blanc 750mL | 1 Each, $12.00, $1.60 per 100mL, https://productimages.coles.com.au/productimages/1/1516417.jpg
Great Northern Original Lager Bottle 330mL | 24 Pack, $54.00, $6.82 per 1L, https://productimages.coles.com.au/productimages/7/7973910.jpg
Peroni Nastro Azzurro 5% Bottle 330mL | 6 Pack, $20.00, $10.10 per 1L, https://productimages.coles.com.au/productimages/5/5587461.jpg
Yalumba Y Series Pinot Grigio 750mL | 1 Each, $10.00, $13.33 per 1L, https://productimages.coles.com.au/productimages/8/8273470.jpg
Great Northern Super Crisp Lager Bottle 330mL | 24 Pack, $47.00, $5.93 per 1L, https://productimages.coles.com.au/productimages/2/2374180.jpg
Smirnoff Red Vodka 1 Litre | 1 Each, $65.00, $6.50 per 100mL, https://productimages.coles.com.au/productimages/3/3681607.jpg
Coles Frozen Peas | 500g, $2.50, $5.00 per 1kg, https://productimages.coles.com.au/productimages/1/186328.jpg
Bulla Creamy Classics Cookies & Cream Ice Cream Tub | 2L, $10.00, $0.50 per 100mL, https://productimages.coles.com.au/productimages/9/9486411.jpg
Yellowglen NV Yellow 750mL | 1 Each, $9.00, $12.00 per 1L, https://productimages.coles.com.au/productimages/8/8238265.jpg
Robinsons Marlborough Sauvignon Blanc 750mL | 1 Each, $10.00, $13.33 per 1L, https://productimages.coles.com.au/productimages/8/8270461.jpg
Coles Frozen Peas Carrots Cauliflower | 1kg, $4.50, $4.50 per 1kg, https://productimages.coles.com.au/productimages/5/5300861.jpg
Victoria Bitter Can 375mL | 8 Pack, $23.00, $7.67 per 1L, https://productimages.coles.com.au/productimages/4/4417535.jpg
Johnnie Walker Red Label Scotch Whisky 700mL | 1 Each, $45.00, $64.29 per 1L, https://productimages.coles.com.au/productimages/8/8328947.jpg
Wolf Blass Red Label Chardonnay Pinot Noir NV 750mL | 1 Each, $7.00, $9.33 per 1L, https://productimages.coles.com.au/productimages/8/8233206.jpg
Absolut Vodka 700mL | 1 Each, $45.00, $64.29 per 1L, https://productimages.coles.com.au/productimages/8/8328448.jpg
Coles Frozen Sweet Potato Chips | 750g, $6.00, $8.00 per 1kg, https://productimages.coles.com.au/productimages/5/5032128.jpg
STORY BAY STORY BAY SEMILLON SAUV B, currently unavailable, currently unavailable per each, https://productimages.coles.com.au/productimages/9/9938422.jpg
Zilzie Bulloak Sauvignon Blanc 750mL | 1 Each, $6.00, $8.00 per 1L, https://productimages.coles.com.au/productimages/8/8252641.jpg
Earthworks Shiraz 750mL | 1 Each, $12.00, $16.00 per 1L, https://productimages.coles.com.au/productimages/8/8268459.jpg
Nanna's Frozen Golden & Crispy Snack Apple Pies | 450g, $5.00, $1.11 per 100g, https://productimages.coles.com.au/productimages/2/2266246.jpg
Brown Brothers Prosecco NV 750mL | 1 Each, $15.00, $20.00 per 1L, https://productimages.coles.com.au/productimages/8/8321074.jpg
Stella Artois Bottle 330mL | 6 Pack, $18.00, $0.91 per 100mL, https://productimages.coles.com.au/productimages/3/313612.jpg
Great Northern Super Crisp Lager Block Can 375mL | 30 Pack, $60.00, $5.33 per 1L, https://productimages.coles.com.au/productimages/2/2605953.jpg
Atiru Marlborough Sauvignon Blanc 750mL | 1 Each, $12.00, $1.60 per 100mL, https://productimages.coles.com.au/productimages/2/2540563.jpg
Lana's Bike Sauvignon Blanc 750mL | 1 Each, $14.00, $18.67 per 1L, https://productimages.coles.com.au/productimages/9/9251010.jpg
-196 Double Lemon & Vodka Can 330ml | 4 Pack, $24.00, $18.18 per 1L, https://productimages.coles.com.au/productimages/4/4419632.jpg
Libra Pads Ultra Thin Regular Wings | 14 pack, $3.50, $0.25 per 1ea, https://productimages.coles.com.au/productimages/6/6811527.jpg
Nivea Daily Moisturiser Night Cream Dry Sensitive | 50mL, $14.00, $28.00 per 100mL, https://productimages.coles.com.au/productimages/8/8581982.jpg
19 Crimes Uprising 750mL | 1 Each, $17.00, $22.67 per 1L, https://productimages.coles.com.au/productimages/3/3186073.jpg
Corona Bottle 355mL | 6 Pack, $23.00, $10.80 per 1L, https://productimages.coles.com.au/productimages/8/88121.jpg
Jim Beam White Label Bourbon 700mL | 1 Each, $45.00, $64.29 per 1L, https://productimages.coles.com.au/productimages/3/3734973.jpg
Libra Goodnights Extra Long With Wings Pads | 10 pack, $3.50, $0.35 per 1ea, https://productimages.coles.com.au/productimages/5/5531401.jpg
Nivea Daily Essentials Moisturising Cream Dry Sensitiv | 50mL, $15.00, $30.00 per 100mL, https://productimages.coles.com.au/productimages/9/9875763.jpg
Oral-B Satin tape Mint dental floss | 25m, $3.95, $0.16 per 1M, https://productimages.coles.com.au/productimages/8/8187528.jpg
Elastoplast Sensitive Dressing 6cm X 10cm | 10 pack, $7.00, $0.70 per 1ea, https://productimages.coles.com.au/productimages/8/8685810.jpg
Woodstock Bourbon & Cola Can 12% 200mL | 4 Pack, $29.00, $29.00 per each, https://productimages.coles.com.au/productimages/1/1534598.jpg
Coles Paracetamol Caplets | 20 pack, $0.80, $0.04 per 1ea, https://productimages.coles.com.au/productimages/1/1483920.jpg
Schwarzkopf Extra Care Normal Balance Leave In Treatment | 150mL, $6.00, $4.00 per 100mL, https://productimages.coles.com.au/productimages/3/3978796.jpg
Colgate Kids Mild Mint Minions Toothpaste | 90g, $3.00, $3.33 per 100g, https://productimages.coles.com.au/productimages/3/3973475.jpg
Libra Goodnights Ultra Thin Pads | 10 pack, $3.50, $0.35 per 1ea, https://productimages.coles.com.au/productimages/8/8536853.jpg
Asahi Super Dry Bottle 330mL | 24 Pack, $55.00, $0.69 per 100mL, https://productimages.coles.com.au/productimages/2/21944.jpg
Colgate Advanced Whitening & Tartar Toothpaste  | 200g, $10.00, $5.00 per 100g, https://productimages.coles.com.au/productimages/4/4842450.jpg
Arnott's Original Savoy Crackers | 225g, $3.50, $1.56 per 100g, https://productimages.coles.com.au/productimages/8/8638456.jpg
Colgate Total Advanced Whitening Toothpaste | 115g, $3.25, $2.83 per 100g, https://productimages.coles.com.au/productimages/3/3400934.jpg
Zilzie Estate Pinot Grigio 750mL | 1 Each, $7.00, $9.33 per 1L, https://productimages.coles.com.au/productimages/8/8311241.jpg
Panadol Rapid Caplets for Pain Relief Paracetamol 500mg | 20 pack, $6.00, $0.30 per 1ea, https://productimages.coles.com.au/productimages/1/1488300.jpg
Elastoplast Assorted Sensitive Strips | 40 pack, $6.00, $0.15 per 1ea, https://productimages.coles.com.au/productimages/3/3614927.jpg
Kinder Bueno Chocolate Bar | 43g, $2.00, $4.65 per 100g, https://productimages.coles.com.au/productimages/5/5216969.jpg
Arnott's Tim Tam Original Chocolate Biscuits | 200g, $2.25, $1.13 per 100g, https://productimages.coles.com.au/productimages/3/329607.jpg
Libra Pads Ultra Thin Super Wing | 12 pack, $3.50, $0.29 per 1ea, https://productimages.coles.com.au/productimages/6/6811505.jpg
Libra Regular Ultra Thin Pads | 14 pack, $3.50, $0.25 per 1ea, https://productimages.coles.com.au/productimages/2/2686026.jpg
Tussock Jumper Pinot Noir 750mL | 1 Each, $10.00, $13.33 per 1L, https://productimages.coles.com.au/productimages/3/3161469.jpg
Colgate Plax Fresh Mint Mouth Wash | 1L, $6.00, $0.60 per 100mL, https://productimages.coles.com.au/productimages/4/4499085.jpg
Nurofen Zavance Fast Pain Relief 200mg Ibuprofen Liquid Capsules | 20 pack, $7.50, $0.38 per 1ea, https://productimages.coles.com.au/productimages/7/7273136.jpg
U by Kotex Ultrathin Overnight Pads Long With Wings | 8 pack, $5.00, $0.63 per 1ea, https://productimages.coles.com.au/productimages/3/3223329.jpg
U By Kotex Extra Overnight Pads With Wings | 10 pack, $5.00, $0.50 per 1ea, https://productimages.coles.com.au/productimages/9/9500240.jpg
Libra Maternity Extra Long With Wings Pads | 10 pack, $3.50, $0.35 per 1ea, https://productimages.coles.com.au/productimages/6/6685987.jpg
Nestle KitKat Milk Chocolate Bar | 45g, $1.10, $2.44 per 100g, https://productimages.coles.com.au/productimages/1/136512.jpg
Coles Italian Diced Tomatoes | 400g, $1.10, $2.75 per 1kg, https://productimages.coles.com.au/productimages/5/5548754.jpg
MasterFoods Tomato Sauce | 500mL, $2.50, $0.50 per 100mL, https://productimages.coles.com.au/productimages/7/7717331.jpg
Garnier Olia Hair Colour 5.0 Brown | 1 pack, $10.00, $10.00 per 1ea, https://productimages.coles.com.au/productimages/5/5500554.jpg
Colgate Total Original Toothpaste | 115g, $4.00, $3.48 per 100g, https://productimages.coles.com.au/productimages/3/3401008.jpg
Smith's Potato Chips Fun Snack Mix Variety 20 Pack | 395g, $8.90, $2.25 per 100g, https://productimages.coles.com.au/productimages/3/3706060.jpg
Garnier Pure Active Charcoal Serum | 30mL, $24.50, $81.67 per 100mL, https://productimages.coles.com.au/productimages/5/5940331.jpg
Colgate Max Fresh Coolmint Toothpaste | 200g, $10.00, $5.00 per 100g, https://productimages.coles.com.au/productimages/5/5059930.jpg
Libra Invisible Pads Regular Wing | 12 pack, $3.85, $0.32 per 1ea, https://productimages.coles.com.au/productimages/3/3812636.jpg
Coles Ibuprofen Tablets 200mg | 24 pack, $1.55, $0.06 per 1ea, https://productimages.coles.com.au/productimages/6/6181702.jpg
Libra Exta Regular With Wings Pads | 14 pack, $3.50, $0.25 per 1ea, https://productimages.coles.com.au/productimages/6/6811491.jpg
Red Rock Deli Trio Of Cheeses | 150g, $4.40, $2.93 per 100g, https://productimages.coles.com.au/productimages/5/5882279.jpg
Coles Antibacterial Hand Wash Lime Fresh | 1L, $3.00, $0.30 per 100mL, https://productimages.coles.com.au/productimages/3/3234529.jpg
Sanitarium Weet-Bix Bites Wild Berry Cereal | 500g, $4.50, $0.90 per 100g, https://productimages.coles.com.au/productimages/4/4951398.jpg
Doritos Corn Chips Supreme Cheese Share Pack | 170g, $3.35, $1.97 per 100g, https://productimages.coles.com.au/productimages/2/2358333.jpg
Oral B Pro Health Advanced Deep Clean | 110g, $6.00, $5.45 per 100g, https://productimages.coles.com.au/productimages/2/2621075.jpg
Nestle KitKat Milk Chocolate Share Pack 11 Pieces | 185g, $3.85, $2.08 per 100g, https://productimages.coles.com.au/productimages/5/5169687.jpg
Coles Bath Soap With Aloe Vera | 8 pack, $2.30, $0.29 per 1g, https://productimages.coles.com.au/productimages/3/3234416.jpg
Dove Triple Moisturising Body Wash | 1L, $8.50, $0.85 per 100mL, https://productimages.coles.com.au/productimages/8/8152068.jpg
Palmolive Anti-Bacterial 2 Hours Defence Orange Liquid Hand Wash Refill | 1L, $4.20, $0.42 per 100mL, https://productimages.coles.com.au/productimages/8/8167655.jpg
Colgate Triple Action Toothpaste | 165g, $3.50, $2.12 per 100g, https://productimages.coles.com.au/productimages/4/4504695.jpg
U by Kotex Extra Overnight Pads Long With Wings | 8 pack, $5.00, $0.63 per 1ea, https://productimages.coles.com.au/productimages/3/3223330.jpg
Uncle Tobys Le Snak Tasty Cheese 6 Pack | 132g, $5.00, $3.79 per 100g, https://productimages.coles.com.au/productimages/4/4954750.jpg
Red Rock Deli Honey Soy Chicken Potato Chips | 165g, $4.40, $2.67 per 100g, https://productimages.coles.com.au/productimages/1/1786160.jpg
Mars Chocolate Bar with Nougat & Caramel | 47g, $1.00, $2.13 per 100g, https://productimages.coles.com.au/productimages/1/138201.jpg
U by Kotex Ultrathin Pads Super With Wings | 12 pack, $5.00, $0.42 per 1ea, https://productimages.coles.com.au/productimages/9/9498523.jpg
Kellogg's Coco Pops Chocolatey Breakfast Cereal | 650g, $10.00, $1.54 per 100g, https://productimages.coles.com.au/productimages/8/8494298.jpg
Arnott's Salada Original Crispbread | 250g, $3.00, $1.20 per 100g, https://productimages.coles.com.au/productimages/3/329800.jpg
Palmolive Lime Hand Wash | 1L, $4.20, $0.42 per 100mL, https://productimages.coles.com.au/productimages/8/8167757.jpg
Coles Shower Puff | 1 each, $2.50, $2.50 per 1ea, https://productimages.coles.com.au/productimages/3/3523399.jpg
Red Rock Deli Potato Chips Sweet Chilli And Sour Cream | 165g, $4.40, $2.67 per 100g, https://productimages.coles.com.au/productimages/1/1786182.jpg
Red Rock Deli Potato Chips Sea Salt | 165g, $4.40, $2.67 per 100g, https://productimages.coles.com.au/productimages/1/1786150.jpg
Cheezels Original Cheese Snacks | 125g, $3.25, $2.60 per 100g, https://productimages.coles.com.au/productimages/7/7879468.jpg
Nivea Rich Nourishing Body Lotion | 400mL, $9.50, $2.38 per 100mL, https://productimages.coles.com.au/productimages/7/7198992.jpg
Colgate Optic White Enamel Care Teeth Whitening Toothpaste With 1% Hydrogen Peroxide | 140g, $12.00, $8.57 per 100g, https://productimages.coles.com.au/productimages/1/1706183.jpg
Kettle Chilli Potato Chips | 165 gram, $6.00, $3.64 per 100g, https://productimages.coles.com.au/productimages/9/9139724.jpg
Elastoplast Heavy Fabric Extra Large Strips | 10 pack, $6.00, $0.60 per 1ea, https://productimages.coles.com.au/productimages/4/4956937.jpg
Libra Invisible Pads Super Wing | 10 pack, $3.85, $0.39 per 1ea, https://productimages.coles.com.au/productimages/3/3812647.jpg
Panadol Mini Caps for Pain Relief Paracetamol 500mg | 20 pack, $5.15, $0.26 per 1ea, https://productimages.coles.com.au/productimages/1/1486032.jpg
Smith's Crinkle Cut Salt & Vinegar Potato Chips 6 pack | 114g, $4.50, $3.95 per 100g, https://productimages.coles.com.au/productimages/7/7117979.jpg
Colgate Total Advanced Clean Toothpaste | 115g, $3.25, $2.83 per 100g, https://productimages.coles.com.au/productimages/3/3400854.jpg
Libra Liners Active Protect | 30 pack, $2.45, $0.08 per 1ea, https://productimages.coles.com.au/productimages/5/5059124.jpg
U by Kotex Ultrathin Pads Regular With Wings | 14 pack, $5.00, $0.36 per 1ea, https://productimages.coles.com.au/productimages/9/9499005.jpg
Snickers Chocolate Bar Peanuts Caramel Nougat | 44g, $1.00, $2.27 per 100g, https://productimages.coles.com.au/productimages/2/245868.jpg
Palmolive Original Hand Wash | 1L, $4.20, $0.42 per 100mL, https://productimages.coles.com.au/productimages/8/8167848.jpg
Dove Beauty Bar Regular | 2 pack, $4.20, $2.10 per 1ea, https://productimages.coles.com.au/productimages/5/5259360.jpg
Kettle Sea Salt Potato Chips | 165g, $6.00, $3.64 per 100g, https://productimages.coles.com.au/productimages/8/8156535.jpg
Indomie Fried Mi Goreng Instant Noodles 5 Pack  | 85g, $3.95, $0.93 per 100g, https://productimages.coles.com.au/productimages/9/9789639.jpg
Mcvities Digestives Biscuits Plain | 355g, $4.40, $1.24 per 100g, https://productimages.coles.com.au/productimages/6/6066602.jpg
Colgate Great Regular Flavour Toothpaste | 180g, $3.50, $1.94 per 100g, https://productimages.coles.com.au/productimages/4/4504673.jpg
Arnotts Teevee Snacks Biscuits Malt Sticks | 175g, $2.25, $1.29 per 100g, https://productimages.coles.com.au/productimages/9/9503543.jpg
Libra Liners Dry & Long | 30 pack, $2.45, $0.08 per 1ea, https://productimages.coles.com.au/productimages/5/5059146.jpg
Schwarzkopf Brilliance 91 Blue Black | 1 pack, $11.00, $11.00 per 1ea, https://productimages.coles.com.au/productimages/4/4256312.jpg
Colgate Total Advanced Fresh Toothpaste | 115g, $3.25, $2.83 per 100g, https://productimages.coles.com.au/productimages/3/3400898.jpg
Sanitarium Weet-Bix Breakfast Cereal | 1.2kg, $6.00, $0.50 per 100g, https://productimages.coles.com.au/productimages/9/9393015.jpg
Arnott's Tim Tam Double Coat Chocolate Biscuits | 200g, $2.25, $1.13 per 100g, https://productimages.coles.com.au/productimages/7/7029292.jpg
Smiths Fun Mix Chips 20 Pack | 375g, $8.90, $2.37 per 100g, https://productimages.coles.com.au/productimages/3/3706049.jpg
Coles Ultimate Cookies 40% Chocolate Chip | 400g, $4.00, $1.00 per 100g, https://productimages.coles.com.au/productimages/4/4953000.jpg
John West Tempters Tuna in Olive Oil | 95g, $2.70, $28.42 per 1kg, https://productimages.coles.com.au/productimages/5/5558736.jpg
Kellogg's Nutri-Grain Protein Breakfast Cereal | 765g, $10.80, $1.41 per 100g, https://productimages.coles.com.au/productimages/5/5103929.jpg
Palmolive Milk And Honey Hand Wash | 1L, $4.20, $0.42 per 100mL, https://productimages.coles.com.au/productimages/8/8167735.jpg
Kettle Honey Soy Chicken Potato Chips | 165g, $6.00, $3.64 per 100g, https://productimages.coles.com.au/productimages/1/1795310.jpg
Elastoplast Flexible Fabric Strips | 40 pack, $4.40, $0.11 per 1ea, https://productimages.coles.com.au/productimages/4/4197304.jpg
Arnott's Shapes Original BBQ Cracker Biscuits | 175g, $3.50, $2.00 per 100g, https://productimages.coles.com.au/productimages/2/2734446.jpg
Libra Girl Regular Pads | 12 pack, $3.50, $0.29 per 1ea, https://productimages.coles.com.au/productimages/8/8146305.jpg
Coles White Plain Flour | 1Kg, $1.25, $1.25 per 1kg, https://productimages.coles.com.au/productimages/5/5881232.jpg
Libra Extra Super With Wings Pads | 12 pack, $3.50, $0.29 per 1ea, https://productimages.coles.com.au/productimages/6/6811480.jpg
Coles Paracetamol Hard Gel Capsules | 20 pack, $1.25, $0.06 per 1ea, https://productimages.coles.com.au/productimages/3/3151035.jpg
Arnott's Scotch Finger Biscuits | 250g, $2.50, $1.00 per 100g, https://productimages.coles.com.au/productimages/3/329174.jpg
Cadbury Dairy Milk Chocolate Block | 180g, $3.85, $2.14 per 100g, https://productimages.coles.com.au/productimages/2/2351709.jpg
Oreo Creme Biscuits Original | 133g, $2.50, $1.88 per 100g, https://productimages.coles.com.au/productimages/2/2710437.jpg
Smith's Crinkle Cut Original Potato Chips | 170g, $2.40, $1.41 per 100g, https://productimages.coles.com.au/productimages/2/2358275.jpg
Coles Chick Peas | 420g, $1.00, $2.38 per 1kg, https://productimages.coles.com.au/productimages/8/8075852.jpg
Ritz Crackers Original | 227g, $3.50, $1.54 per 100g, https://productimages.coles.com.au/productimages/6/6164463.jpg
Thins Light & Tangy Potato Chips | 175g, $4.70, $2.69 per 100g, https://productimages.coles.com.au/productimages/6/6833927.jpg
Arnotts Teevee Snacks Biscuits Original | 175g, $2.25, $1.29 per 100g, https://productimages.coles.com.au/productimages/9/9503532.jpg
Peckish Original Rice Crackers | 100g, $2.50, $2.50 per 100g, https://productimages.coles.com.au/productimages/9/9999336.jpg
Thins Original Potato Chips | 175g, $4.70, $2.69 per 100g, https://productimages.coles.com.au/productimages/6/6833891.jpg
Red Rock Deli Sea Salt & Bal Vinegar Potato Chips | 165g, $4.40, $2.67 per 100g, https://productimages.coles.com.au/productimages/1/1786171.jpg
Coles High Fibre Wholemeal Bread | 700g, $3.50, $0.50 per 100g, https://productimages.coles.com.au/productimages/4/4938276.jpg
Coles Bakery Croissants 3 Pack | 189g, $2.85, $1.51 per 100g, https://productimages.coles.com.au/productimages/7/7266287.jpg
Tip Top The One White Sandwich Bread | 700g, $4.40, $0.63 per 100g, https://productimages.coles.com.au/productimages/8/8956156.jpg
Coles White Bread | 650g, $2.40, $0.37 per 100g, https://productimages.coles.com.au/productimages/4/4901345.jpg
Coles Italian Passata Sauce | 700g, $1.55, $0.22 per 100g, https://productimages.coles.com.au/productimages/5/5419718.jpg
Tip Top The One Wholemeal Sandwich Bread | 700g, $4.40, $0.63 per 100g, https://productimages.coles.com.au/productimages/1/1139480.jpg
John West Tempters Chilli Tuna | 95g, $2.70, $28.42 per 1kg, https://productimages.coles.com.au/productimages/6/6044009.jpg
Coles Bakery Flatbread Wholemeal | 6 pack, $4.00, $0.67 per 1ea, https://productimages.coles.com.au/productimages/3/3259701.jpg
Tip Top The One White Toast Bread | 700g, $4.40, $0.63 per 100g, https://productimages.coles.com.au/productimages/8/8956189.jpg
Tip Top 9 Grain Original Bread | 700g, $4.40, $0.63 per 100g, https://productimages.coles.com.au/productimages/9/9201680.jpg
Coles Bakery Pancakes | 5 pack, $4.00, $0.80 per 1ea, https://productimages.coles.com.au/productimages/5/5626122.jpg
Helga's Traditional Wholemeal Bread | 750g, $4.90, $0.65 per 100g, https://productimages.coles.com.au/productimages/5/5969435.jpg
Coles Bakery Super Soft Round Rolls | 6 pack, $2.50, $0.42 per 1ea, https://productimages.coles.com.au/productimages/4/4344715.jpg
Coles Bakery Super Soft White Sandwich Loaf | 680g, $2.70, $0.40 per 100g, https://productimages.coles.com.au/productimages/8/8145583.jpg
Coles Bakery Super Soft Hamburger Rolls | 6 pack, $2.50, $0.42 per 1ea, https://productimages.coles.com.au/productimages/4/4344704.jpg
Coles Bakery Croissants 4 Pack | 168g, $2.85, $1.70 per 100g, https://productimages.coles.com.au/productimages/7/7266367.jpg
Coles Soft Wholemeal Sandwich Loaf | 650g, $2.70, $0.42 per 100g, https://productimages.coles.com.au/productimages/3/3378290.jpg
Finish 0% Ultimate Pro Dishwashing Tablets | 48 pack, $32.40, $67.50 per 100ea, https://productimages.coles.com.au/productimages/3/3967224.jpg
Cadbury Dairy Milk Large Chocolate Block | 360g, $6.00, $1.67 per 100g, https://productimages.coles.com.au/productimages/4/4229444.jpg
Snickers Butterscotch Flavoured Chocolate Bar | 44g, $1.00, $2.27 per 100g, https://productimages.coles.com.au/productimages/6/6341693.jpg
Lindt Excellence 85% Cocoa Dark Chocolate Block | 100g, $3.85, $3.85 per 100g, https://productimages.coles.com.au/productimages/9/9524521.jpg
Coles Bakery French Stick | 1 each, $1.90, $1.90 per 1ea, https://productimages.coles.com.au/productimages/6/6242840.jpg
Lindt Extra Creamy Excellence Milk Chocolate Block | 100g, $3.85, $3.85 per 100g, https://productimages.coles.com.au/productimages/7/7152448.jpg
Coles Soft White Toast Loaf | 650g, $2.70, $0.42 per 100g, https://productimages.coles.com.au/productimages/3/3378289.jpg
Coles Mini Chocolate Chip Muffins | 9 Pack, $4.70, $0.52 per 1ea, https://productimages.coles.com.au/productimages/2/2409310.jpg
Coles Bakery Stone Baked By Laurent Pane Di Casa | 1 each, $5.00, $5.00 per 1ea, https://productimages.coles.com.au/productimages/8/8162312.jpg
Cadbury Milk Chocolate Cake Bars | 105g, $6.00, $5.71 per 100g, https://productimages.coles.com.au/productimages/2/2995982.jpg
Philadelphia Soft Cream Cheese Tub | 250g, $5.70, $22.80 per 1kg, https://productimages.coles.com.au/productimages/5/5196114.jpg
Wonder White Bread Wholemeal Plus Iron | 700g, $4.40, $0.63 per 100g, https://productimages.coles.com.au/productimages/5/5322140.jpg
Continental Rice Chicken | 190g, $3.50, $1.84 per 100g, https://productimages.coles.com.au/productimages/8/8952326.jpg
Coles Bakery Vegemite Scroll | 1 each, $2.50, $2.50 per 1ea, https://productimages.coles.com.au/productimages/2/2360380.jpg
Coles Iced Donuts  | 6 pack, $3.25, $0.54 per 1ea, https://productimages.coles.com.au/productimages/4/4770633.jpg
Wonder White Bread + Vitamins Toast | 700g, $4.40, $0.63 per 100g, https://productimages.coles.com.au/productimages/5/5827361.jpg
Coles Bakery Flatbread White | 6 pack, $4.00, $0.67 per 1ea, https://productimages.coles.com.au/productimages/3/3259687.jpg
Abbott's Bakery Country Grains Bread | 800g, $4.90, $0.61 per 100g, https://productimages.coles.com.au/productimages/3/3237196.jpg
Coles Bakery Super Soft White Toast Loaf | 680g, $2.70, $0.40 per 100g, https://productimages.coles.com.au/productimages/8/8104972.jpg
Lindt Lindor Milk Chocolate Block | 100g, $3.85, $3.85 per 100g, https://productimages.coles.com.au/productimages/5/5379952.jpg
Tamar Valley Kids Greek Strawberry Yoghurt Pouch | 110g, $2.40, $2.18 per 100g, https://productimages.coles.com.au/productimages/2/2744359.jpg
Lindt Excellence 95% Cocoa Ultimate Dark Chocolate Block | 80g, $3.85, $4.81 per 100g, https://productimages.coles.com.au/productimages/3/3501374.jpg
Coles Brioche Hamburger Buns 4 Pack | 200g, $3.80, $1.90 per 100g, https://productimages.coles.com.au/productimages/3/3572292.jpg
Kettle Sea Salt & Vinegar Potato Chips | 165g, $6.00, $3.64 per 100g, https://productimages.coles.com.au/productimages/8/8156557.jpg
Continental Cup A Soup Creamy Chicken & Corn With Croutons Serves 2 | 60g, $1.40, $2.33 per 100g, https://productimages.coles.com.au/productimages/9/9151559.jpg
Burgen Soy & Linseed Bread | 700g, $5.90, $0.84 per 100g, https://productimages.coles.com.au/productimages/6/6712445.jpg
Wonder White Bread + Vitamins & Mineral | 700g, $4.40, $0.63 per 100g, https://productimages.coles.com.au/productimages/5/5795130.jpg
Helga's Mixed Grain Bread | 850g, $4.90, $0.58 per 100g, https://productimages.coles.com.au/productimages/6/6711227.jpg
Coles White Sugar | 2kg, $2.20, $0.11 per 100g, https://productimages.coles.com.au/productimages/5/5422541.jpg
Nutella T3 Cream Biscuits | 42g, $2.50, $5.95 per 100g, https://productimages.coles.com.au/productimages/6/6435039.jpg
Uncle Tobys Plus Antioxidant Cereal | 435g, $6.50, $1.49 per 100g, https://productimages.coles.com.au/productimages/8/8953282.jpg
Helga's Light Rye Bread | 680g, $4.90, $0.72 per 100g, https://productimages.coles.com.au/productimages/5/5072836.jpg
Tip Top Thins Wholemeal Sandwich | 240g, $3.90, $1.63 per 100g, https://productimages.coles.com.au/productimages/2/2917060.jpg
Tamar Valley Kids Greek Blueberry Yoghurt Pouch | 110g, $2.40, $2.18 per 100g, https://productimages.coles.com.au/productimages/3/3089157.jpg
Coles Bakery Tiger Rolls | 6 pack, $2.50, $0.42 per 1ea, https://productimages.coles.com.au/productimages/6/6241655.jpg
Abbott's Bakery Light Rye Bread | 680g, $4.90, $0.72 per 100g, https://productimages.coles.com.au/productimages/7/7226023.jpg
Primo Sliced Turkey Breast | 80g, $3.70, $46.25 per 1kg, https://productimages.coles.com.au/productimages/2/2814024.jpg
Coles Bakery Rustic Rolls  | 4 pack, $3.75, $0.94 per 1ea, https://productimages.coles.com.au/productimages/7/7885766.jpg
Abbott's Bakery Rustic White Bread | 700g, $4.90, $0.70 per 100g, https://productimages.coles.com.au/productimages/3/3237185.jpg
Lindt Excellence Extra Fine 70% Cocoa Dark Chocolate Block | 100g, $3.85, $3.85 per 100g, https://productimages.coles.com.au/productimages/7/7152550.jpg
Bulla Light Thickened Cooking Cream | 300mL, $3.70, $1.23 per 100mL, https://productimages.coles.com.au/productimages/5/5823407.jpg
Uncle Tobys Yoghurt Muesli Bars Strawberry 6 Pack | 185g, $5.00, $2.70 per 100g, https://productimages.coles.com.au/productimages/4/4974983.jpg
Perfect Italiano Perfect Pizza Grated Cheese | 450g, $9.00, $20.00 per 1kg, https://productimages.coles.com.au/productimages/5/5723490.jpg
Lindt Excellence 78% Cocoa Dark Chocolate Block | 100g, $3.85, $3.85 per 100g, https://productimages.coles.com.au/productimages/2/2876349.jpg
Coles Finest By Laurent White Sourdough Rolls | 3 pack, $4.00, $1.33 per 1ea, https://productimages.coles.com.au/productimages/3/3467323.jpg
Sunrice Long Grain Brown Rice Cup 2 pack | 250g, $3.00, $1.20 per 100g, https://productimages.coles.com.au/productimages/7/7779805.jpg
Coles Bakery Vietnamese Rolls | 6 pack, $2.50, $0.42 per 1ea, https://productimages.coles.com.au/productimages/6/6242512.jpg
Bulla Sour Cream | 200mL, $3.70, $1.85 per 100mL, https://productimages.coles.com.au/productimages/8/8242670.jpg
Bulla Thickened Cream | 600mL, $6.00, $1.00 per 100mL, https://productimages.coles.com.au/productimages/3/381312.jpg
Coles Bakery Sesame French Stick | 1 each, $1.90, $1.90 per 1ea, https://productimages.coles.com.au/productimages/1/1609325.jpg
Perfect Italiano Grated Parmesan | 125g, $3.50, $28.00 per 1kg, https://productimages.coles.com.au/productimages/5/5339878.jpg
Lindt Excellence Mint Intense Chocolate Block | 100g, $3.85, $3.85 per 100g, https://productimages.coles.com.au/productimages/5/5460267.jpg
Wholemeal Toast Loaf | 680g, $2.70, $0.40 per 100g, https://productimages.coles.com.au/productimages/8/8105090.jpg
Perfect Italiano Shaved Parmesan | 125g, $3.50, $28.00 per 1kg, https://productimages.coles.com.au/productimages/4/4405740.jpg
Coles Soft White Wraps 8 pack | 360g, $2.50, $0.69 per 100g, https://productimages.coles.com.au/productimages/3/3731705.jpg
Bulla Thickened Cream | 300mL, $3.50, $1.17 per 100mL, https://productimages.coles.com.au/productimages/3/381323.jpg
Dove Men+Care Clean Comfort Body And Face Wash | 1L, $8.50, $0.85 per 100mL, https://productimages.coles.com.au/productimages/3/3466422.jpg
Mcvities Digestives Biscuits Milk Chocolate | 266g, $4.40, $1.65 per 100g, https://productimages.coles.com.au/productimages/5/5854739.jpg
Uncle Tobys Chewy Bars Choc Chip | 185g, $5.00, $2.70 per 100g, https://productimages.coles.com.au/productimages/4/4975192.jpg
Kettle Sweet Chilli & Sour Cream Potato Chips | 165 gram, $6.00, $3.64 per 100g, https://productimages.coles.com.au/productimages/2/2670081.jpg
Uncle Tobys Rainbow Berry Berry Roll Ups | 94g, $5.00, $5.32 per 100g, https://productimages.coles.com.au/productimages/6/6899164.jpg
Coles Bakery Ultimate Chocolate Chip Cookie | 6 pack, $3.50, $0.58 per 1ea, https://productimages.coles.com.au/productimages/2/2592079.jpg
Uncle Tobys Le Snak Cheddar Cheese | 132g, $5.00, $3.79 per 100g, https://productimages.coles.com.au/productimages/4/4952890.jpg
Dynamo Profession 7 In 1 Laundry Liquid | 1.8L, $25.00, $13.89 per 1L, https://productimages.coles.com.au/productimages/3/3774344.jpg
Uncle Toby's Milo Chewy Muesli Bar | 185g, $5.00, $2.70 per 100g, https://productimages.coles.com.au/productimages/5/5153519.jpg
Lindt Excellence Orange Dark Chocolate Block | 100g, $3.85, $3.85 per 100g, https://productimages.coles.com.au/productimages/4/4194827.jpg
Perfect Italiano Dairy Cheese Extra Sharp Grated Parmesan | 125g, $3.50, $28.00 per 1kg, https://productimages.coles.com.au/productimages/6/6577000.jpg
Coles Raisin Toast | 560g, $3.00, $0.54 per 100g, https://productimages.coles.com.au/productimages/2/2360890.jpg
Coles Pain Au Chocolate | 220g, $4.00, $1.82 per 100g, https://productimages.coles.com.au/productimages/9/9933713.jpg
Uncle Tobys Le Snak Dip & Crackers Tasty Cheese Variety Pack | 264g, $9.00, $3.41 per 100g, https://productimages.coles.com.au/productimages/4/4954760.jpg
Continental Oriental Fried Rice | 115g, $2.00, $1.74 per 100g, https://productimages.coles.com.au/productimages/5/5431510.jpg
Cadbury Caramel Cake Bars | 105g, $6.00, $5.71 per 100g, https://productimages.coles.com.au/productimages/2/2995993.jpg
Campbell's Real Stock Vegetable Stock | 1L, $4.50, $0.45 per 100mL, https://productimages.coles.com.au/productimages/8/8053838.jpg
Coles Corned Silverside | approx 1.4kg, $14.00, $10.00 per 1kg, https://productimages.coles.com.au/productimages/4/4251534.jpg
Campbell's Country Ladle Soup Can Chicken & Sweet Corn | 505g, $4.50, $0.89 per 100g, https://productimages.coles.com.au/productimages/4/4887131.jpg
Campbell's Chunky Soup Can Beef & Veg | 505g, $4.50, $0.89 per 100g, https://productimages.coles.com.au/productimages/4/4915339.jpg
Campbell's Country Ladle Soup Can Butternut Pumpkin | 505g, $4.50, $0.89 per 100g, https://productimages.coles.com.au/productimages/7/7165858.jpg
Nescafe Strong Cappuccino Coffee Sachets | 10 pack, $7.60, $0.76 per 1ea, https://productimages.coles.com.au/productimages/5/5694097.jpg
Coles Deli Express Split Green Olives | 110g, $3.50, $31.82 per 1kg, https://productimages.coles.com.au/productimages/3/3066945.jpg
Primo Roast Beef Thinly Sliced | 80g, $3.70, $46.25 per 1kg, https://productimages.coles.com.au/productimages/2/2822259.jpg
Golden Pikelets | 8 pack, $4.50, $0.56 per 1ea, https://productimages.coles.com.au/productimages/5/54000.jpg
Riverview Farms Hot Roast Pork | 1 each, $21.00, $21.00 per 1ea, https://productimages.coles.com.au/productimages/3/3098748.jpg
Thomson's Deli Cooking Bacon | 1kg, $8.80, $8.80 per 1kg, https://productimages.coles.com.au/productimages/2/2819312.jpg
Coles Deli Thawed Australian Cooked Black Tiger Prawns Large | approx 250g, $6.25, $25.00 per 1kg, https://productimages.coles.com.au/productimages/9/9672959.jpg
Golden Pancakes 6 Pack | 360g, $4.50, $1.25 per 100g, https://productimages.coles.com.au/productimages/6/6051649.jpg
Continental Cup A Soup Creamy Chicken with Croutons Serves 2 | 60g, $1.40, $2.33 per 100g, https://productimages.coles.com.au/productimages/9/9151344.jpg
Coles Deli Thawed Cooked Prawn Plate Small | 200g, $8.00, $40.00 per 1kg, https://productimages.coles.com.au/productimages/6/6487531.jpg
Bertocchi Hot Soppressa Salami | approx 125g, $4.50, $36.00 per 1kg, https://productimages.coles.com.au/productimages/6/6677184.jpg
Coles Australian Made Rindless Short Cut Bacon | 200g, $6.70, $33.50 per 1kg, https://productimages.coles.com.au/productimages/3/3830092.jpg
Coles Kitchen Garlic Baguette Twin Pack | 450g, $2.90, $0.64 per 100g, https://productimages.coles.com.au/productimages/6/6113633.jpg
Coles Bagels Plain 4 pack | 360g, $2.50, $0.69 per 100g, https://productimages.coles.com.au/productimages/3/3362960.jpg
Coles Deli Thawed Raw Whole Gulf Squid | approx 250g, $5.25, $21.00 per 1kg, https://productimages.coles.com.au/productimages/5/5766450.jpg
Popcorners Gluten Free Snacks Sea Salt | 85g, $3.00, $3.53 per 100g, https://productimages.coles.com.au/productimages/5/5348766.jpg
Don Leg Shaved Ham | 200g, $6.40, $32.00 per 1kg, https://productimages.coles.com.au/productimages/6/6284567.jpg
Don Gluten Free Footy Franks Skinless | 600g, $7.80, $13.00 per 1kg, https://productimages.coles.com.au/productimages/1/1500304.jpg
Bega Smooth Peanut Butter | 780g, $6.50, $0.83 per 100g, https://productimages.coles.com.au/productimages/1/136705.jpg
Dari's Hearty Chicken Soup | 550g, $6.85, $1.25 per 100g, https://productimages.coles.com.au/productimages/1/1196600.jpg
Pepperjack Cabernet Sauvignon 750mL | 1 Each, $25.00, $33.33 per 1L, https://productimages.coles.com.au/productimages/8/8250690.jpg
Heinz Big Red Tomato Soup Can | 420g, $2.50, $0.60 per 100g, https://productimages.coles.com.au/productimages/1/128503.jpg
Coles Giant Pitted Kalamata Olives | approx 100g, $2.00, $20.00 per 1kg, https://productimages.coles.com.au/productimages/5/5554156.jpg
Primo Gluten Free Thinly Sliced Pastrami Beef | 80g, $3.70, $46.25 per 1kg, https://productimages.coles.com.au/productimages/2/2822260.jpg
Don English Style Sliced Ham | 200g, $6.40, $32.00 per 1kg, https://productimages.coles.com.au/productimages/6/6284590.jpg
Barkly Grandmother Full Leg Ham | approx 100g, $3.90, $39.00 per 1kg, https://productimages.coles.com.au/productimages/3/3606022.jpg
Coles Deli Thawed Arrow Squid Rings | approx 250g, $3.00, $12.00 per 1kg, https://productimages.coles.com.au/productimages/2/2157397.jpg
Coles Australian Made Champagne Ham | approx 125g, $2.88, $23.00 per 1kg, https://productimages.coles.com.au/productimages/5/5051494.jpg
Capilano Pure Honey Squeeze | 500g, $8.60, $1.72 per 100g, https://productimages.coles.com.au/productimages/9/9247578.jpg
Coles Deli Fresh Saddletail Snapper Fillet | approx 250g, $9.00, $36.00 per 1kg, https://productimages.coles.com.au/productimages/1/1024106.jpg
Jack Daniels & Cola Can 375mL | 6 Pack, $34.50, $1.53 per 100mL, https://productimages.coles.com.au/productimages/7/7916495.jpg
Primo 25% Salt Reduced Leg Ham | 100g, $3.70, $37.00 per 1kg, https://productimages.coles.com.au/productimages/5/5644237.jpg
Nescafe Blend 43 Instant Coffee  | 250g, $14.50, $5.80 per 100g, https://productimages.coles.com.au/productimages/1/116402.jpg
Primo Prosciutto | 100g, $7.50, $75.00 per 1kg, https://productimages.coles.com.au/productimages/6/6992465.jpg
Thomson's Deli Chicken Loaf | approx 100g, $1.50, $15.00 per 1kg, https://productimages.coles.com.au/productimages/3/3950913.jpg
Coles RSPCA Approved Southern Hot Roast Chicken | 1 each, $13.00, $13.00 per 1ea, https://productimages.coles.com.au/productimages/6/6120548.jpg
Nutella Hazelnut Spread With Cocoa | 1kg, $11.00, $1.10 per 100g, https://productimages.coles.com.au/productimages/2/2620684.jpg
Nescafe Cappuccino Coffee Sachets | 10 pack, $7.60, $0.76 per 1ea, https://productimages.coles.com.au/productimages/9/9577540.jpg
Coles Deli Thawed Australian MSC Raw Banana Prawns | approx 250g, $5.75, $23.00 per 1kg, https://productimages.coles.com.au/productimages/8/8836813.jpg
Primo Shredded Ham Twin Pack | 300g, $5.20, $17.33 per 1kg, https://productimages.coles.com.au/productimages/8/8146087.jpg
Primo Spanish Style Chorizos | 1 each, $3.20, $3.20 per 1ea, https://productimages.coles.com.au/productimages/2/2090081.jpg
Coles Honey Sliced Ham Sow Stall Free | 100g, $2.30, $23.00 per 1kg, https://productimages.coles.com.au/productimages/3/3053513.jpg
Campbell's Country Ladle Soup Can Minestrone | 495g, $4.50, $0.91 per 100g, https://productimages.coles.com.au/productimages/7/7166090.jpg
Nestle Milo Chocolate Malt Powder Drink | 460g, $6.50, $1.41 per 100g, https://productimages.coles.com.au/productimages/3/3516338.jpg
Sorbent 2 Ply Thick & Large White Facial Tissues | 95 pack, $2.20, $2.32 per 100ea, https://productimages.coles.com.au/productimages/8/8065804.jpg
Dari's Chicken And Corn Soup | 550g, $6.85, $1.25 per 100g, https://productimages.coles.com.au/productimages/3/3756284.jpg
Coles Large Grapefruit Ruby Red | approx 375g, $2.21, $5.90 per 1kg, https://productimages.coles.com.au/productimages/5/5323153.jpg
Bonne Maman Strawberry Jam | 370g, $6.70, $1.81 per 100g, https://productimages.coles.com.au/productimages/5/5935149.jpg
Primo Hot Hungarian Salami | 80g, $3.70, $46.25 per 1kg, https://productimages.coles.com.au/productimages/3/3576271.jpg
Coles Squeezie Blueberry Yoghurt Pouch | 70g, $0.75, $1.07 per 100g, https://productimages.coles.com.au/productimages/3/3049742.jpg
Primo Short Cut Bacon | 200g, $6.20, $31.00 per 1kg, https://productimages.coles.com.au/productimages/4/4260568.jpg
Johnnie Walker Red Label Scotch Whisky 1L | 1 Each, $64.00, $64.00 per 1L, https://productimages.coles.com.au/productimages/8/8330596.jpg
Primo Thin Frankfurt | 1kg, $7.40, $7.40 per 1kg, https://productimages.coles.com.au/productimages/2/2140871.jpg
Moccona Classic Medium Roast Instant Coffee | 400g, $28.00, $7.00 per 100g, https://productimages.coles.com.au/productimages/9/9693915.jpg
McKenzie's Split Green Peas | 500g, $1.60, $0.32 per 100g, https://productimages.coles.com.au/productimages/3/353521.jpg
Coles Deli Express Mediterranean Olives | 130g, $3.50, $26.92 per 1kg, https://productimages.coles.com.au/productimages/3/3066934.jpg
Bertocchi Soppressa Extra Hot Chilli | approx100g, $3.60, $36.00 per 1kg, https://productimages.coles.com.au/productimages/2/2848547.jpg
Tibaldi Ham Off The Bone | 120g, $5.00, $41.67 per 1kg, https://productimages.coles.com.au/productimages/3/3575927.jpg
Primo Frankfurt Cocktail | 1kg, $7.40, $7.40 per 1kg, https://productimages.coles.com.au/productimages/2/2140860.jpg
Coles RSPCA Approved Chicken Mixed Portions Southern Fried | approx 1.3kg, $15.60, $12.00 per 1kg, https://productimages.coles.com.au/productimages/3/3175576.jpg
Bega Smooth Peanut Butter | 470g, $6.40, $1.36 per 100g, https://productimages.coles.com.au/productimages/5/5398753.jpg
Thomson's Deli Thin Franks | 500g, $2.50, $5.00 per 1kg, https://productimages.coles.com.au/productimages/4/4379855.jpg
Hans Hot Twiggy Sticks | 500g, $14.50, $29.00 per 1kg, https://productimages.coles.com.au/productimages/2/2517856.jpg
Coles No Added Hormone Beef Oyster Blade Steak | 500g, $11.00, $22.00 per 1kg, https://productimages.coles.com.au/productimages/3/3582434.jpg
Bertocchi Mild Soppressa Salami | approx 125g, $4.50, $36.00 per 1kg, https://productimages.coles.com.au/productimages/6/6677242.jpg
Golden Crumpet Square 6 pack | 425g, $3.50, $0.58 per 1ea, https://productimages.coles.com.au/productimages/6/6034275.jpg
Coles Deli Mediterranean Olives | approx 100g, $1.98, $19.80 per 1kg, https://productimages.coles.com.au/productimages/3/3067835.jpg
McKenzie's Barley Pearl | 500g, $1.60, $0.32 per 100g, https://productimages.coles.com.au/productimages/1/130039.jpg
Thomson's Deli Short Cut Bacon | 200g, $3.80, $19.00 per 1kg, https://productimages.coles.com.au/productimages/3/3930440.jpg
Coles Deli Fromager D'Affinois | approx200g, $12.00, $60.00 per 1kg, https://productimages.coles.com.au/productimages/6/6671315.jpg
Bega Crunchy Peanut Butter | 470g, $6.40, $1.36 per 100g, https://productimages.coles.com.au/productimages/5/5390911.jpg
Primo Streaky Bacon | 650g, $15.50, $23.85 per 1kg, https://productimages.coles.com.au/productimages/4/4261040.jpg
Coles Deli Roast Beef | approx 100g, $2.95, $29.50 per 1kg, https://productimages.coles.com.au/productimages/1/1471636.jpg
Uncle Tobys Traditional Porridge Oats | 1kg, $3.25, $0.33 per 100g, https://productimages.coles.com.au/productimages/2/254971.jpg
Don Deli Leg Ham | approx 100g, $1.80, $18.00 per 1kg, https://productimages.coles.com.au/productimages/2/2421280.jpg
Sorbent 4 Ply Pocket Pack White Facial Tissues | 6 pack, $2.20, $3.67 per 100ea, https://productimages.coles.com.au/productimages/5/5834527.jpg
Jack Daniels Double Jack and Cola Can 375mL | 4 Pack, $28.00, $18.67 per 1L, https://productimages.coles.com.au/productimages/1/1829627.jpg
Praise Traditional Mayonnaise | 490g, $4.00, $0.82 per 100g, https://productimages.coles.com.au/productimages/8/8734744.jpg
Arnott's Biscuits Kingston | 200g, $3.00, $1.50 per 100g, https://productimages.coles.com.au/productimages/3/329560.jpg
Kleenex Everyday On The Go Facial Tissues Soft Pack | 60 pack, $1.80, $3.00 per 100ea, https://productimages.coles.com.au/productimages/6/6891231.jpg
Cheezels Cheese Snacks | 190g, $4.00, $2.11 per 100g, https://productimages.coles.com.au/productimages/4/4428950.jpg
Coles Deli Pastrami | approx 100g, $3.10, $31.00 per 1kg, https://productimages.coles.com.au/productimages/1/1472617.jpg
Thomson's Deli Cocktail Franks | 500g, $2.50, $5.00 per 1kg, https://productimages.coles.com.au/productimages/4/4379731.jpg
Coles Bakery Stone Baked By Laurent Mini Pumpkin & Soybean Pane Di Casa | 1 each, $2.50, $2.50 per 1ea, https://productimages.coles.com.au/productimages/3/3597920.jpg
Bertocchi Long Rindless Bacon | 400g, $8.00, $20.00 per 1kg, https://productimages.coles.com.au/productimages/1/1962751.jpg
Wurstel Chorizo | 300g, $7.70, $25.67 per 1kg, https://productimages.coles.com.au/productimages/2/2531664.jpg
Petite Cuisine Hash Brown | 1 each, $0.80, $0.80 per 1ea, https://productimages.coles.com.au/productimages/6/6298641.jpg
Primo Traditional Bacon Pieces | approx 100g, $1.30, $13.00 per 1kg, https://productimages.coles.com.au/productimages/4/4712863.jpg
Coles Finest By Laurent Wholemeal Sourdough Vienna | 1 each, $6.50, $6.50 per 1ea, https://productimages.coles.com.au/productimages/3/3384930.jpg
Coles Squeezie Banana Yoghurt Pouch | 70g, $0.75, $1.07 per 100g, https://productimages.coles.com.au/productimages/1/1013493.jpg
Kellogg's Rice Bubbles Puffed Rice Breakfast Cereal | 410g, $5.40, $1.32 per 100g, https://productimages.coles.com.au/productimages/8/8495803.jpg
Uncle Tobys Oats Quick Sachets Creamy Honey | 350g, $6.30, $1.80 per 100g, https://productimages.coles.com.au/productimages/3/3992629.jpg
Red Tractor Australian Rolled Oats | 1kg, $4.75, $0.48 per 100g, https://productimages.coles.com.au/productimages/3/3185310.jpg
Coles Lamb Whole Lamb Leg Roast | approx 2.8kg, $33.60, $12.00 per 1kg, https://productimages.coles.com.au/productimages/9/9246021.jpg
Queen Sugar Free Maple Flavoured Syrup | 355mL, $3.75, $1.06 per 100mL, https://productimages.coles.com.au/productimages/4/4692176.jpg
Coles Mini Parmesan & Onion Pane Di Casa | 1 each, $2.50, $2.50 per 1ea, https://productimages.coles.com.au/productimages/3/3900427.jpg
Arnott's Orange Slice Biscuits | 250g, $3.00, $1.20 per 100g, https://productimages.coles.com.au/productimages/3/329119.jpg
Coles Lemon Bleach | 2L, $2.00, $1.00 per 1L, https://productimages.coles.com.au/productimages/8/8681637.jpg
McCain Pub Style Potato Wedges | 750g, $4.80, $6.40 per 1kg, https://productimages.coles.com.au/productimages/5/5394810.jpg
Carman's Gourmet Porridge Sachet Super Berry & Coconut | 320g, $5.00, $1.56 per 100g, https://productimages.coles.com.au/productimages/2/2390700.jpg
Coles Extra Tough Garbage Bags | 20 pack, $3.80, $0.19 per 1ea, https://productimages.coles.com.au/productimages/6/6428667.jpg
Bref Duo Cubes 2 in 1 Formula Cistern Block Toilet Cleaner 2 pack | 100g, $5.00, $5.00 per 100g, https://productimages.coles.com.au/productimages/2/2731630.jpg
McCain Pub Style Fries | 750g, $4.80, $6.40 per 1kg, https://productimages.coles.com.au/productimages/5/5766020.jpg
Coles Kitchen Tidy Bag Large | 25 pack, $2.50, $0.10 per 1ea, https://productimages.coles.com.au/productimages/6/6428838.jpg
White King Powerclean Toilet Bleach Gel Eucalyptus | 700mL, $5.65, $0.81 per 100mL, https://productimages.coles.com.au/productimages/2/2758728.jpg
Coles So Soft & Strong 3 Ply Toilet Tissue | 8 pack, $4.60, $0.30 per 1ea, https://productimages.coles.com.au/productimages/3/3343080.jpg
Coles Laundry Liquid Lemon Fresh | 2L, $2.00, $1.00 per 1L, https://productimages.coles.com.au/productimages/4/4484725.jpg
Coles Finest By Laurent Rye Sourdough Vienna | 1 each, $6.50, $6.50 per 1ea, https://productimages.coles.com.au/productimages/3/3018057.jpg
McKenzie's Soup Mix | 500g, $1.60, $0.32 per 100g, https://productimages.coles.com.au/productimages/1/130028.jpg
Coles Turkish Pide | 400g, $2.80, $0.70 per 100g, https://productimages.coles.com.au/productimages/5/5625006.jpg
Cold Power Advanced Clean Laundry Liquid | 2L, $10.50, $5.25 per 1L, https://productimages.coles.com.au/productimages/3/3774581.jpg
Coles So Soft & Strong Facial Tissue Eucalyptus | 95 pack, $2.00, $2.11 per 100ea, https://productimages.coles.com.au/productimages/2/2605840.jpg
Vanish Napisan Gold Multi Power Stain Remover & Laundry Booster Powder | 2kg, $16.00, $8.00 per 1kg, https://productimages.coles.com.au/productimages/5/5061090.jpg
Sorbent Hypo Allergenic Flushable Wipes Toilet Tissue | 40 pack, $3.80, $0.10 per 1ea, https://productimages.coles.com.au/productimages/3/3974730.jpg
Coles RSPCA Approved Free Range Chicken Breast Fillet Small Pack | approx 600g, $10.20, $17.00 per 1kg, https://productimages.coles.com.au/productimages/3/3228730.jpg
Coles Kitchen Tidy Bag Small | 40 pack, $2.50, $0.06 per 1ea, https://productimages.coles.com.au/productimages/3/3894277.jpg
Carman's Gourmet Porridge Sachet with Honey Vanilla & Cinnamon | 320g, $5.00, $1.56 per 100g, https://productimages.coles.com.au/productimages/2/2877090.jpg
Lilydale Free Range Whole Chicken | approx 1.27kg, $11.43, $9.00 per 1kg, https://productimages.coles.com.au/productimages/7/7607184.jpg
Steggles Frozen Sweet Chilli Chicken Breast Tenders | 400g, $6.00, $15.00 per 1kg, https://productimages.coles.com.au/productimages/2/2719952.jpg
Steggles Frozen Crumbed Chicken Breast Nuggets | 400g, $4.95, $12.38 per 1kg, https://productimages.coles.com.au/productimages/3/3088450.jpg
Mountain Bread Rye Wraps 8 pack | 200g, $4.00, $2.00 per 100g, https://productimages.coles.com.au/productimages/5/5213790.jpg
Coles Cling Wrap | 60 metre, $1.70, $0.03 per 1M, https://productimages.coles.com.au/productimages/5/5896648.jpg
Quilton 4 Ply White Gold Toilet Paper | 6 pack, $5.80, $0.69 per 100ea, https://productimages.coles.com.au/productimages/9/9800265.jpg
Coles Ultra Multi-Purpose Domestic Cleaning Wipes | 10 pack, $1.00, $0.10 per 1ea, https://productimages.coles.com.au/productimages/9/9872380.jpg
Coles Multi-Purpose Domestic Cleaning Wipes | 50 pack, $4.50, $0.09 per 1ea, https://productimages.coles.com.au/productimages/3/3056249.jpg
Latina Fresh Veal Tortellini | 625g, $8.50, $1.36 per 100g, https://productimages.coles.com.au/productimages/5/5404131.jpg
Morning Fresh Lime Dishwashing Liquid | 900mL, $4.75, $0.53 per 100mL, https://productimages.coles.com.au/productimages/5/5091513.jpg
Carmans Gourmet Porridge Almond Pecan & Hazelnut | 320g, $5.00, $1.56 per 100g, https://productimages.coles.com.au/productimages/3/3185343.jpg
Coles Finest By Laurent 7 Seed & Grain Vienna | 1 each, $6.50, $6.50 per 1ea, https://productimages.coles.com.au/productimages/4/4819380.jpg
Coles Medium Resealable Storage Bags | 30 pack, $2.80, $0.09 per 1ea, https://productimages.coles.com.au/productimages/4/4486390.jpg
Coles So Soft & Strong Facial Tissues Aloe Vera | 95 pack, $2.00, $2.11 per 100ea, https://productimages.coles.com.au/productimages/1/1313894.jpg
Coles So Soft & Strong 3 Ply Toilet Tissue Double Length | 4 pack, $4.60, $0.32 per 100ea, https://productimages.coles.com.au/productimages/2/2189247.jpg
Coles Multi Purpose Disposable Latex Gloves | 100 pack, $8.00, $0.08 per 1ea, https://productimages.coles.com.au/productimages/6/6005379.jpg
Coles Butcher Lamb Loin Chops | approx 500g, $10.00, $20.00 per 1kg, https://productimages.coles.com.au/productimages/8/8598420.jpg
Herbert Adams Seasonal Garden Vegetable Pastie 4 pack | 700g, $7.50, $1.07 per 100g, https://productimages.coles.com.au/productimages/5/5368719.jpg
Uncle Tobys Oats Quick Sachets Breakfast Cereal Creamy Honey Big Bowl | 368g, $5.80, $1.58 per 100g, https://productimages.coles.com.au/productimages/3/3993144.jpg
Coles Kitchen Chicken & Corn Soup | 300g, $3.00, $1.00 per 100g, https://productimages.coles.com.au/productimages/3/3467403.jpg
Leggo's Creamy Tomato & Mozarella Pasta Bake Sauce | 500g, $4.00, $0.80 per 100g, https://productimages.coles.com.au/productimages/2/2683844.jpg
Vitasoy Milky Almond Milk | 1L, $2.90, $2.90 per 1L, https://productimages.coles.com.au/productimages/5/5638700.jpg
Dettol Disinfectant Surface Wipes Fresh | 110 pack, $12.00, $10.91 per 100ea, https://productimages.coles.com.au/productimages/6/6383037.jpg
Selleys Rapid Mould Killer | 500mL, $5.16, $1.03 per 100mL, https://productimages.coles.com.au/productimages/2/2107865.jpg
Bref Scent Switch Apple Lily Twin Pack | 100g, $11.00, $11.00 per 100g, https://productimages.coles.com.au/productimages/4/4224350.jpg
Coles Aluminium Foil Wrap 10m X 30cm | 10 metre, $1.90, $0.19 per 1M, https://productimages.coles.com.au/productimages/5/5896660.jpg
Coles Chicken Sage And Thyme Sausages | 550g, $6.60, $12.00 per 1kg, https://productimages.coles.com.au/productimages/3/3923648.jpg
Kleenex Everyday 2 Ply Kids Facial Tissues | 200 pack, $3.00, $1.50 per 100ea, https://productimages.coles.com.au/productimages/3/3661246.jpg
Coles Bags Freezer Large | 40 pack, $0.80, $0.02 per 1ea, https://productimages.coles.com.au/productimages/3/324997.jpg
Coles Large Resealable Storage Bags | 20 pack, $2.50, $0.13 per 1ea, https://productimages.coles.com.au/productimages/4/4486447.jpg
Sorbent Facial Tissues Thick N Large Hypo Allergenic | 95 pack, $2.20, $2.32 per 100ea, https://productimages.coles.com.au/productimages/5/5081112.jpg
Lilydale Chicken Breast Schnitzels | 400g, $12.50, $31.25 per 1kg, https://productimages.coles.com.au/productimages/2/2829699.jpg
Real Gum Plastic Free Chewing Gum Spearmint | 22g, $2.00, $9.09 per 100g, https://productimages.coles.com.au/productimages/4/4969145.jpg
Duracell Coppertop Alkaline AA Batteries | 10 pack, $19.00, $1.90 per 1ea, https://productimages.coles.com.au/productimages/5/5519982.jpg
Bref Power Active Fresh Flowers 2 Pack | 100g, $11.00, $11.00 per 100g, https://productimages.coles.com.au/productimages/3/3744693.jpg
Coles Pork Sirloin Steak | 500g, $11.50, $23.00 per 1kg, https://productimages.coles.com.au/productimages/3/3781703.jpg
Coles Easy Tie Top Garbage Bags | 20 pack, $3.00, $0.15 per 1ea, https://productimages.coles.com.au/productimages/2/2538743.jpg
Palmolive Ultra Strength Concentrate Dishwashing Liquid Gentle Care | 950mL, $8.50, $0.89 per 100mL, https://productimages.coles.com.au/productimages/5/5001088.jpg
Palmolive Ultra Antibac Lemon | 950mL, $8.50, $0.89 per 100mL, https://productimages.coles.com.au/productimages/5/5001113.jpg
Coles RSPCA Approved Free Range Chicken Thigh Cutlets | approx 1.05kg, $11.55, $11.00 per 1kg, https://productimages.coles.com.au/productimages/3/3559545.jpg
Kleenex Everday Silk Touch Facial Tissues | 250 pack, $4.00, $1.60 per 100ea, https://productimages.coles.com.au/productimages/9/9493100.jpg
Coles Medium Silverlined Gloves | 1 pair, $1.45, $1.45 per 1ea, https://productimages.coles.com.au/productimages/6/6000070.jpg
Heritage Mill Clusters Crunchy Nut | 750g, $5.00, $0.67 per 100g, https://productimages.coles.com.au/productimages/5/5283900.jpg
Coles Beef Sizzle Steak | 400g, $12.00, $30.00 per 1kg, https://productimages.coles.com.au/productimages/6/6067751.jpg
MasterFoods Slow Cooker Garlic & Herb Lamb Shanks Recipe Base | 175g, $2.80, $1.60 per 100g, https://productimages.coles.com.au/productimages/7/7468500.jpg
Coles Lamb Shanks 2 pack | approx 775g, $10.07, $13.00 per 1kg, https://productimages.coles.com.au/productimages/9/9264533.jpg
Coles Beef Fillet Steak Small | 300g, $16.00, $53.34 per 1kg, https://productimages.coles.com.au/productimages/6/6332047.jpg
Cook & Dine Food Containers 750mL | 5 pack, $3.50, $0.70 per 1ea, https://productimages.coles.com.au/productimages/1/1960360.jpg
Coles Graze Grass Fed Beef Mince | 500g, $10.00, $20.00 per 1kg, https://productimages.coles.com.au/productimages/2/2024280.jpg
White King Lemon Power Toilet Cleaner Gel | 700mL, $5.65, $0.81 per 100mL, https://productimages.coles.com.au/productimages/6/6478483.jpg
Coles Non Stick Baking Paper | 15 metre, $3.60, $0.24 per 1M, https://productimages.coles.com.au/productimages/4/4486312.jpg
Lilydale Free Range Chicken Tenderloins | 500g, $11.00, $22.00 per 1kg, https://productimages.coles.com.au/productimages/1/1833384.jpg
OMO Sensitive Top & Front Loader Laundry Liquid Detergent | 2L, $26.00, $13.00 per 1L, https://productimages.coles.com.au/productimages/2/2731030.jpg
Coles Prawns Raw Peeled | 260g, $12.50, $48.08 per 1kg, https://productimages.coles.com.au/productimages/3/3773396.jpg
Lilydale Free Range Chicken Breast Fillets Small Pack  | approx 600g, $11.70, $19.50 per 1kg, https://productimages.coles.com.au/productimages/8/8227768.jpg
Coles Heavy Duty Scourer Sponge Cellulose | 3 pack, $2.00, $0.67 per 1ea, https://productimages.coles.com.au/productimages/2/2743607.jpg
OMO Active Clean Top & Front Loader Laundry Liquid Detergent | 2L, $26.00, $13.00 per 1L, https://productimages.coles.com.au/productimages/2/2731007.jpg
Coles Beef & Pork Meatballs Classic 28 Pack                                                                                            | 560g, $8.00, $14.29 per 1kg, https://productimages.coles.com.au/productimages/3/3569447.jpg
Australia's Own Almond Barista Milk | 1L, $4.00, $4.00 per 1L, https://productimages.coles.com.au/productimages/3/3492670.jpg
Coles RSPCA Approved Free Range Chicken Whole | approx 1.6kg, $11.20, $7.00 per 1kg, https://productimages.coles.com.au/productimages/3/3228810.jpg
The Bare Bird Chicken Thigh Fillets | approx 500g, $9.00, $18.00 per 1kg, https://productimages.coles.com.au/productimages/3/3091240.jpg
Coles Butcher Lamb Forequarter Chops | approx 1.177kg, $17.66, $15.00 per 1kg, https://productimages.coles.com.au/productimages/8/8599208.jpg
Sakata Rice Crackers Sour Cream Chive | 100g, $2.30, $2.30 per 100g, https://productimages.coles.com.au/productimages/2/2364416.jpg
Coles Bulk Lamb Cutlets | approx 775g, $25.57, $33.00 per 1kg, https://productimages.coles.com.au/productimages/6/6546890.jpg
Coles Pork Ribs BBQ | approx 1.2kg, $24.00, $20.00 per 1kg, https://productimages.coles.com.au/productimages/2/2747131.jpg
Coles Lamb Leg Steak 2 Pack | 215g, $6.50, $30.23 per 1kg, https://productimages.coles.com.au/productimages/4/4501493.jpg
Sorbent Clean & Fresh Silky White Flushable Wipes Soft Pack | 40 pack, $3.80, $0.10 per 1ea, https://productimages.coles.com.au/productimages/5/5032605.jpg
Magazine Woman's Day | 1 each, $5.80, $5.80 per 1ea, https://productimages.coles.com.au/productimages/6/640910.jpg
Magazine New Idea | 1 each, $5.80, $5.80 per each, https://productimages.coles.com.au/productimages/6/641560.jpg
Glad To Be Green Compostable Kitchen Liners Small | 20 pack, $3.50, $0.18 per 1ea, https://productimages.coles.com.au/productimages/3/3779472.jpg
Cadbury Dark Chocolate Baking Chips | 200g, $3.50, $1.75 per 100g, https://productimages.coles.com.au/productimages/2/2313608.jpg
Coles Ultra Advanced Dishwasher Tablets | 40 pack, $6.00, $0.15 per 1ea, https://productimages.coles.com.au/productimages/3/3967188.jpg
Coles Pork Spare Ribs | approx 330g, $6.93, $21.00 per 1kg, https://productimages.coles.com.au/productimages/7/7451857.jpg
Coles RSPCA Approved Extra Large Whole Chicken | approx 2.4kg, $10.80, $4.50 per 1kg, https://productimages.coles.com.au/productimages/9/9196739.jpg
Coles RSPCA Approved Chicken Tenderloins | approx 600g, $9.90, $16.50 per 1kg, https://productimages.coles.com.au/productimages/2/2263306.jpg
Coles Beef Scotch Steak Fillet 2 Pack | 480g, $21.00, $43.75 per 1kg, https://productimages.coles.com.au/productimages/4/4997220.jpg
Coles Pork Loin Chops | approx 400g, $6.80, $17.00 per 1kg, https://productimages.coles.com.au/productimages/7/7451879.jpg
Coles Beef Gravy | 800g, $15.00, $18.75 per 1kg, https://productimages.coles.com.au/productimages/6/6332353.jpg
Coles RSPCA Approved Chicken Breast Kiev Garlic Butter  | 700g, $9.50, $13.57 per 1kg, https://productimages.coles.com.au/productimages/5/5970321.jpg
The Bare Bird Chicken Breast Fillets | 500g, $11.00, $22.00 per 1kg, https://productimages.coles.com.au/productimages/4/4462030.jpg
Coles Pork Sausage | 550g, $6.60, $12.00 per 1kg, https://productimages.coles.com.au/productimages/3/3923761.jpg
Fancy Feast Classic Cat Food Gravy Lovers Beef | 85g, $1.30, $1.53 per 100g, https://productimages.coles.com.au/productimages/1/1329249.jpg
Whiskas 1+ Years Wet Cat Food Lamb Mince Can | 400g, $2.60, $0.65 per 100g, https://productimages.coles.com.au/productimages/8/8104101.jpg
Dine Cat Food Kitten Tender Chicken | 85g, $1.40, $1.65 per 100g, https://productimages.coles.com.au/productimages/7/7599574.jpg
Coles RSPCA Approved Chicken V Wings | approx 1.1kg, $9.35, $8.50 per 1kg, https://productimages.coles.com.au/productimages/2/2263339.jpg
Temptations Seafood Medley Flavour Cat Treats | 180g, $9.00, $5.00 per 100g, https://productimages.coles.com.au/productimages/3/3566405.jpg
Temptations Tempting Tuna Flavour Cat Treats | 85g, $3.50, $4.12 per 100g, https://productimages.coles.com.au/productimages/3/3566325.jpg
Dine Cuts In Gravy With Beef And Liver Wet Cat Food 85g Tray | 7 pack, $7.20, $1.21 per 100g, https://productimages.coles.com.au/productimages/7/7591710.jpg
Love'em Grain Free Dog Treats Lamb Jerky With Rosemary Flavour | 200g, $7.00, $3.50 per 100g, https://productimages.coles.com.au/productimages/3/3875137.jpg
Farmers Market Adult Chilled Fresh Dog Food Homestyle Shreds With Beef Red Lentils Peas & Carrot | 250g, $5.00, $2.00 per 100g, https://productimages.coles.com.au/productimages/3/3833410.jpg
Dairy Farmers Heart Active Fat Free Milk Carton | 1L, $3.70, $3.70 per 1L, https://productimages.coles.com.au/productimages/7/7258880.jpg
Coles Beef Chipolatas | 550g, $6.60, $12.00 per 1kg, https://productimages.coles.com.au/productimages/3/3923739.jpg
My Dog Classic Loaf With Gourmet Beef Tray Adult Wet Dog Food | 100g, $1.70, $1.70 per 100g, https://productimages.coles.com.au/productimages/5/5234552.jpg
Steggles Turkey Mince | 500g, $6.50, $13.00 per 1kg, https://productimages.coles.com.au/productimages/9/9277808.jpg
Schmackos Strapz With Chicken Dog Treats | 200g, $6.00, $3.00 per 100g, https://productimages.coles.com.au/productimages/3/3742701.jpg
Coles Light Sour Cream | 300g, $3.25, $1.08 per 100g, https://productimages.coles.com.au/productimages/3/3676979.jpg
Fancy Feast Creamy Delights With Grilled Chicken Cat Food | 85g, $1.30, $1.53 per 100g, https://productimages.coles.com.au/productimages/4/4492097.jpg
Dine Creamy Treats Chicken Flavour Cat Treat | 4 pack, $3.20, $6.67 per 100g, https://productimages.coles.com.au/productimages/2/2913489.jpg
Whiskas Favourites Chicken In Jelly Cat Food 12x85g | 12 pack, $12.00, $1.18 per 100g, https://productimages.coles.com.au/productimages/5/5172557.jpg
Ocean Blue Sliced Smoked Salmon | 180g, $11.80, $65.56 per 1kg, https://productimages.coles.com.au/productimages/3/3770795.jpg
Coles Adult Chilled Fresh Dog Food Roll Lamb & Vege's | 1kg, $2.75, $0.28 per 100g, https://productimages.coles.com.au/productimages/2/2133195.jpg
Pedigree Dentastix Large Dog Treats Daily Oral Care Dental Chews | 7 pack, $3.25, $0.46 per 1ea, https://productimages.coles.com.au/productimages/7/7531741.jpg
Coles Tasmanian Salmon Portions Skin Off | 280g, $13.00, $46.43 per 1kg, https://productimages.coles.com.au/productimages/1/1558144.jpg
Ocean Blue Sliced Smoked Salmon | 100g, $7.50, $75.00 per 1kg, https://productimages.coles.com.au/productimages/3/3024242.jpg
Coles Tasty Cheese Slices 24 Pack | 500g, $8.60, $17.20 per 1kg, https://productimages.coles.com.au/productimages/5/5433050.jpg
Friskies Seafood Sensations Adult Cat Food | 1kg, $8.00, $0.80 per 100g, https://productimages.coles.com.au/productimages/2/2740664.jpg
Temptations Tasty Chicken Flavour Cat Treats | 85g, $3.50, $4.12 per 100g, https://productimages.coles.com.au/productimages/3/3566290.jpg
Breeders Choice Cat Litter Paper | 15L, $20.00, $1.33 per 1L, https://productimages.coles.com.au/productimages/8/8029877.jpg
Nature's Gift Chicken Turkey And Vegetable Dog Food | 700g, $2.80, $0.40 per 100g, https://productimages.coles.com.au/productimages/2/2825133.jpg
Prime 100 Dog Roll Chicken With Broccoli & Apple Dog Food | 1.7kg, $11.60, $0.68 per 100g, https://productimages.coles.com.au/productimages/3/3605664.jpg
My Dog Adult 7+ With Tender Turkey Rice & Vegetable Medley Wet Dog Food | 100g, $1.70, $1.70 per 100g, https://productimages.coles.com.au/productimages/3/3994657.jpg
Bega Dairy Stringers Original Cheese 12 Pack | 240g, $8.50, $35.42 per 1kg, https://productimages.coles.com.au/productimages/6/6081118.jpg
My Dog Classic Loaf With Succulent Kangaroo Can Wet Dog Food | 400g, $3.00, $0.75 per 100g, https://productimages.coles.com.au/productimages/3/3015762.jpg
Dine Cuts In Gravy With Turkey Wet Cat Food 85g Tray | 7 pack, $7.20, $1.21 per 100g, https://productimages.coles.com.au/productimages/7/7591696.jpg
Fancy Feast Classic Savoury Salmon Cat Food | 85g, $1.30, $1.53 per 100g, https://productimages.coles.com.au/productimages/5/5129897.jpg
Coles Beef Scotch Fillet Thin Cut | 400g, $17.00, $42.50 per 1kg, https://productimages.coles.com.au/productimages/5/5629540.jpg
Dine Pulled Menu Gravy Indulgence Chicken Cat Food | 85g, $1.10, $1.29 per 100g, https://productimages.coles.com.au/productimages/5/5190424.jpg
A2 Light Fat Milk | 1L, $3.80, $3.80 per 1L, https://productimages.coles.com.au/productimages/9/9760047.jpg
Whiskas 1+ Years Wet Cat Food Tuna Can | 400g, $2.60, $0.65 per 100g, https://productimages.coles.com.au/productimages/5/5391787.jpg
Bow Wow Pigs Ears Dog Treats | 5 pack, $14.00, $2.80 per 1ea, https://productimages.coles.com.au/productimages/1/1505567.jpg
Coles Cooked Prawns With Cocktail Sauce | 260g, $12.50, $48.08 per 1kg, https://productimages.coles.com.au/productimages/3/3773421.jpg
Western Star Original Spreadable Butter Blend | 375g, $5.50, $1.47 per 100g, https://productimages.coles.com.au/productimages/7/7716850.jpg
Fussy Cat Grain Free Adult Chilled Fresh Cat Food Fine Mince with Beef | 70g, $2.00, $2.86 per 100g, https://productimages.coles.com.au/productimages/3/3576409.jpg
Bellamy's Organic Apple Baby Snacks | 20g, $3.90, $19.50 per 100g, https://productimages.coles.com.au/productimages/6/6487735.jpg
Fancy Feast Medleys Wild Salmon Florentine Cat Food | 85g, $2.30, $2.71 per 100g, https://productimages.coles.com.au/productimages/4/4492246.jpg
Lilydale Free Range Chicken Thigh Fillets Bulk Pack               | approx 900g, $18.00, $20.00 per 1kg, https://productimages.coles.com.au/productimages/2/2303772.jpg
Coles Dairy Tzatziki Dip | 200g, $2.50, $1.25 per 100g, https://productimages.coles.com.au/productimages/6/6007487.jpg
Whiskas 1+ Years Jellymeat Loaf Wet Cat Food Can | 400g, $2.60, $0.65 per 100g, https://productimages.coles.com.au/productimages/1/107514.jpg
Purr Cat Treat Chicken Creamy Treat 4X12G | 4 pack, $2.60, $5.42 per 100g, https://productimages.coles.com.au/productimages/3/3981509.jpg
Rafferty's Garden Summer Fruits & Quinoa Baby Food Prebiotics Pouch 6+ Months | 120g, $2.15, $1.79 per 100g, https://productimages.coles.com.au/productimages/3/3766459.jpg
Farmers Union Greek Style Passionfruit Yoghurt Pouch | 130g, $2.00, $1.54 per 100g, https://productimages.coles.com.au/productimages/3/3306765.jpg
Coles Light Thickened Cream | 300mL, $2.80, $0.93 per 100mL, https://productimages.coles.com.au/productimages/5/5033765.jpg
My Dog Classic Loaf With Juicy Lamb & Hearty Liver Can Wet Dog Food | 400g, $3.00, $0.75 per 100g, https://productimages.coles.com.au/productimages/5/5102959.jpg
Fancy Feast Medleys Tender Turkey Tuscany With Rice & Garden Greens Cat Food | 85g, $2.30, $2.71 per 100g, https://productimages.coles.com.au/productimages/4/4492235.jpg
Vitapet Duck Tenders Dog Treat | 100g, $9.00, $9.00 per 100g, https://productimages.coles.com.au/productimages/1/1506560.jpg
Pauls Zymil Low Fat Milk | 1L, $3.90, $3.90 per 1L, https://productimages.coles.com.au/productimages/5/5169596.jpg
Bega Stringers Original Cheese 8 pack | 160g, $6.50, $40.63 per 1kg, https://productimages.coles.com.au/productimages/7/7325863.jpg
Yoplait Petit Miam Squeezie Strawberry Yoghurt Pouch | 70g, $0.80, $1.14 per 100g, https://productimages.coles.com.au/productimages/6/6569239.jpg
Coles Pizza Blend Shredded Cheese | 700g, $11.00, $15.71 per 1kg, https://productimages.coles.com.au/productimages/1/1691064.jpg
Friskies Delight Indoor Adult Dry Cat Food | 1kg, $8.00, $0.80 per 100g, https://productimages.coles.com.au/productimages/2/2740449.jpg
Coles Salted Butter | 250g, $3.70, $1.48 per 100g, https://productimages.coles.com.au/productimages/3/3169835.jpg
Fancy Feast Classic Cat Food Turkey Prime Fillet | 85g, $1.30, $1.53 per 100g, https://productimages.coles.com.au/productimages/9/9418058.jpg
Cheer Tasty Cheese Slices | 500g, $10.30, $20.60 per 1kg, https://productimages.coles.com.au/productimages/8/8578.jpg
Huggies Thick Baby Wipes 99% Purified Water 72 Pack | 1 pack, $5.00, $0.07 per 1ea, https://productimages.coles.com.au/productimages/5/5236897.jpg
Great Ocean Road Fresh Low Fat Milk | 2L, $4.70, $2.35 per 1L, https://productimages.coles.com.au/productimages/9/9321138.jpg
Pauls Zymil Lactose Free Full Cream Milk | 1L, $3.90, $3.90 per 1L, https://productimages.coles.com.au/productimages/5/5891600.jpg
Nature's Gift Adult Chilled Fresh Dog Food Deli Roll Chicken Brown Rice & Vegetables | 1.4kg, $6.00, $0.43 per 100g, https://productimages.coles.com.au/productimages/2/2749590.jpg
Purr Tasty Tuna Whitemeat Cat Food | 85g, $1.20, $1.41 per 100g, https://productimages.coles.com.au/productimages/9/9104967.jpg
Rafferty's Garden Pear & Apricot Puree and Nothing Else Baby Food Pouch 4+ Months | 120g, $2.15, $1.79 per 100g, https://productimages.coles.com.au/productimages/7/7572126.jpg
V.I.P Chunkers Adult Chilled Fresh Dog Food Chicken Meatballs | 1kg, $6.00, $0.60 per 100g, https://productimages.coles.com.au/productimages/9/9207427.jpg
Bega Tasty Natural Cheese Slices 15 pack | 250g, $7.00, $28.00 per 1kg, https://productimages.coles.com.au/productimages/6/6704323.jpg
Schmackos Strapz BBQ Lamb Dog Treat | 200g, $6.00, $3.00 per 100g, https://productimages.coles.com.au/productimages/4/4506668.jpg
Coles Butcher Lamb Loin Chops Bulk Large Tray | approx 905g, $18.10, $20.00 per 1kg, https://productimages.coles.com.au/productimages/8/8598985.jpg
Pauls Zymil Gluten free & lactose Free Full Cream Milk | 2L, $6.60, $3.30 per 1L, https://productimages.coles.com.au/productimages/1/1902454.jpg
Coles Unsalted Butter | 250g, $3.70, $1.48 per 100g, https://productimages.coles.com.au/productimages/3/3169879.jpg
Ice Break Regular Strength Iced Coffee | 500mL, $2.90, $5.80 per 1L, https://productimages.coles.com.au/productimages/6/6166527.jpg
White Wings Plain Flour | 1kg, $3.00, $3.00 per 1kg, https://productimages.coles.com.au/productimages/1/119455.jpg
Fussy Cat Grain Free Adult Chilled Fresh Cat Food Prime Steak Mince with Chicken | 450g, $6.50, $1.44 per 100g, https://productimages.coles.com.au/productimages/4/4154436.jpg
Coles Lactose Free Lite Milk | 1L, $3.10, $3.10 per 1L, https://productimages.coles.com.au/productimages/3/3187597.jpg
Coles Adult Dry Cat Food With Beef & Vegetables | 1kg, $4.00, $0.40 per 100g, https://productimages.coles.com.au/productimages/5/5095081.jpg
Josh's Rainbow Free Range Eggs Regular 6 Pack | 350g, $4.20, $1.20 per 100g, https://productimages.coles.com.au/productimages/2/2364471.jpg
My Dog Classic Loaf With Tender Beef & Veal Can Wet Dog Food | 400g, $3.00, $0.75 per 100g, https://productimages.coles.com.au/productimages/5/5102937.jpg
Coles Dairy Hommus Dip | 200g, $2.50, $1.25 per 100g, https://productimages.coles.com.au/productimages/6/6530721.jpg
Western Star Supersoft Spreadable Butter Blend | 500g, $6.50, $1.30 per 100g, https://productimages.coles.com.au/productimages/9/9615296.jpg
V.I.P Gourmet Adult Chilled Fresh Dog Food Roll Premium Chicken with Vegetables & Brown Rice | 3kg, $8.00, $0.27 per 100g, https://productimages.coles.com.au/productimages/6/6022571.jpg
Farmers Union Greek Style Natural Yoghurt | 200g, $2.50, $1.25 per 100g, https://productimages.coles.com.au/productimages/5/5735558.jpg
Dine Tuna Mornay Topped With Cheese Cat Food Multipack | 7 pack, $7.20, $1.21 per 100g, https://productimages.coles.com.au/productimages/2/2741452.jpg
Salted Butter | 500g, $6.40, $1.28 per 100g, https://productimages.coles.com.au/productimages/3/3169880.jpg
Dine Tuna & Salmon Melting Soup Cat Food | 40g, $1.60, $4.00 per 100g, https://productimages.coles.com.au/productimages/1/1711128.jpg
Fancy Feast Classic Cat Food Kitten Whitefish Feast | 85g, $1.30, $1.53 per 100g, https://productimages.coles.com.au/productimages/6/6912477.jpg
Coles Cheese Shredded Tasty Light | 700g, $10.00, $14.29 per 1kg, https://productimages.coles.com.au/productimages/8/8145346.jpg
Farmers Union Greek Style Natural Yoghurt | 500g, $4.50, $0.90 per 100g, https://productimages.coles.com.au/productimages/5/5588963.jpg
Rafferty's Garden Chicken Vegetables & Rice Baby Food Protein Pouch 6+ Months | 120g, $2.15, $1.79 per 100g, https://productimages.coles.com.au/productimages/3/3620249.jpg
Jalna Pot Set Greek Style Natural Yoghurt | 2kg, $12.40, $0.62 per 100g, https://productimages.coles.com.au/productimages/5/5763167.jpg
Coles Skim Milk Bottle | 1L, $1.60, $1.60 per 1L, https://productimages.coles.com.au/productimages/1/1993267.jpg
Western Star Original Salted Butter | 250g, $3.80, $1.52 per 100g, https://productimages.coles.com.au/productimages/2/210590.jpg
Sudocrem Healing Cream | 125g, $12.50, $10.00 per 100g, https://productimages.coles.com.au/productimages/8/8837317.jpg
Rascal + Friends H2O Water Wipes | 72 pack, $5.00, $6.94 per 100ea, https://productimages.coles.com.au/productimages/5/5253637.jpg
Only Organic Yoghurt Rice Cakes | 30g, $4.00, $13.33 per 100g, https://productimages.coles.com.au/productimages/3/3772430.jpg
Curash Fragrance Free 240 Baby Wipes 3x80 Pack | 3 pack, $9.00, $3.00 per 1ea, https://productimages.coles.com.au/productimages/1/1514499.jpg
Little Bellies Sultanas 6x14g | 84g, $2.25, $2.68 per 100g, https://productimages.coles.com.au/productimages/3/3499670.jpg
Rafferty's Garden Pureed Blueberries Banana & Apple 4+ Months | 120g, $2.15, $1.79 per 100g, https://productimages.coles.com.au/productimages/6/6027167.jpg
Rafferty's Garden Apple Snack Bars Made with Real Fruit 8 Pack Baby Food 12+ Months | 128g, $4.00, $3.13 per 100g, https://productimages.coles.com.au/productimages/7/7572228.jpg
Rascal + Friends Nappies Size 6 Junior | 30 pack, $16.00, $0.53 per 1ea, https://productimages.coles.com.au/productimages/3/3315019.jpg
Rafferty's Garden Banana & Mango Custard Baby Food Pouch Sweet Dessert 6+ Months | 120g, $2.15, $1.79 per 100g, https://productimages.coles.com.au/productimages/4/4159145.jpg
Huggies Ultra Dry Nappies Boys Size 6 (16kg+) | 30 pack, $16.00, $0.53 per 1ea, https://productimages.coles.com.au/productimages/9/9636070.jpg
A2 Follow On Stage 2 Platinum Premium Infant Formula | 900g, $40.50, $4.50 per 100g, https://productimages.coles.com.au/productimages/5/5488186.jpg
Rafferty's Garden Mixed Berry Yoghurt Buttons Baby Food Snack 12+ Months | 28g, $6.00, $21.43 per 100g, https://productimages.coles.com.au/productimages/9/9009795.jpg
Connoisseur Classic Vanilla Ice Cream Tub | 1L, $12.00, $1.20 per 100mL, https://productimages.coles.com.au/productimages/5/5615272.jpg
McCain Quick Cook Straight Cut | 750g, $5.30, $7.07 per 1kg, https://productimages.coles.com.au/productimages/4/4204330.jpg
Rafferty's Garden Vanilla Custard Baby Food Pouch Sweet Dessert 6+ Months | 120g, $2.15, $1.79 per 100g, https://productimages.coles.com.au/productimages/8/8971943.jpg
Rafferty's Garden Natural Mini Yoghurt Drops Baby Food Snack 8+ Months | 8g, $1.60, $20.00 per 100g, https://productimages.coles.com.au/productimages/3/3766335.jpg
Nestle Cerelac Multigrain with Pear Baby Cereal Stage 3 | 200g, $6.00, $3.00 per 100g, https://productimages.coles.com.au/productimages/8/8674529.jpg
Rafferty's Garden Salmon & Pumpkin Risotto Baby Food Pouch 6+ Months | 120g, $2.15, $1.79 per 100g, https://productimages.coles.com.au/productimages/4/4158936.jpg
Huggies Drynites Night Pants Boy Size 4-7 Years | 9 pack, $12.00, $1.33 per 1ea, https://productimages.coles.com.au/productimages/5/5063835.jpg
Coles Snap Frozen Vegetable Mix | 1kg, $4.50, $4.50 per 1kg, https://productimages.coles.com.au/productimages/1/186576.jpg
Only Organic Banana Biscotti | 100g, $5.00, $5.00 per 100g, https://productimages.coles.com.au/productimages/3/3288845.jpg
Coles Chicken Breast Dino Nuggets | 1kg, $10.00, $10.00 per 1kg, https://productimages.coles.com.au/productimages/5/5746849.jpg
Heinz Little Kids Toddler Fruit Salad Muesli Fingers Snack Bars 1-3 Years | 90g, $4.00, $4.44 per 100g, https://productimages.coles.com.au/productimages/4/4738131.jpg
McCain Beer Batter Potato Chips Frozen Steak Cut | 750g, $5.30, $7.07 per 1kg, https://productimages.coles.com.au/productimages/5/5070637.jpg
Huggies Thick Baby Wipes Coconut Oil | 1 pack, $5.00, $6.25 per 100ea, https://productimages.coles.com.au/productimages/2/2737568.jpg
Rafferty's Garden Blueberry & Banana Squares Baby Food Snack 8+ Months | 16g, $1.60, $10.00 per 100g, https://productimages.coles.com.au/productimages/4/4158903.jpg
Snickers Creamy Ice Bar 6 Pack | 300mL, $6.50, $2.17 per 100mL, https://productimages.coles.com.au/productimages/9/9979394.jpg
Hong Kong Dim Sim Pork And Chive Dumplings | 300g, $8.00, $2.67 per 100g, https://productimages.coles.com.au/productimages/4/4406663.jpg
Rafferty's Garden Sweet Potato Carrot & Apple and Nothing Else Baby Food Puree Pouch 4+ Months | 120g, $2.15, $1.79 per 100g, https://productimages.coles.com.au/productimages/6/6027112.jpg
Little Bellies Mini Gingerbread Men | 130g, $5.50, $4.23 per 100g, https://productimages.coles.com.au/productimages/3/3671920.jpg
CUB Unisex Newborn Nappies Size 1 | 30 pack, $5.25, $0.18 per 1ea, https://productimages.coles.com.au/productimages/3/3720753.jpg
Bulla Creamy Classic Neapolitan Ice Cream | 2L, $10.00, $0.50 per 100mL, https://productimages.coles.com.au/productimages/3/3884921.jpg
Heinz Strawberry & Vanilla Custard 8+ Months | 120g, $1.80, $1.50 per 100g, https://productimages.coles.com.au/productimages/2/2011121.jpg
Rascal + Friends Nappies Size 4 Toddler | 36 pack, $16.00, $0.44 per 1ea, https://productimages.coles.com.au/productimages/3/3301127.jpg
Only Organic Pear Gold Kiwifruit & Oats Baby Food Pouch 8+ Months | 120g, $1.50, $1.25 per 100g, https://productimages.coles.com.au/productimages/5/5044069.jpg
Hong Kong Dim Sim Pork Prawn And Mushroom Siu Mai | 300g, $8.00, $2.67 per 100g, https://productimages.coles.com.au/productimages/4/4406674.jpg
Coles Boysenberry Ice Cream Cones | 475mL, $3.90, $0.82 per 100mL, https://productimages.coles.com.au/productimages/8/8559586.jpg
McCain Superfries Frozen Potato Chips Crinkle Cut | 900g, $4.50, $5.00 per 1kg, https://productimages.coles.com.au/productimages/5/5066946.jpg
Mars Chocolate Smooth Creamy Ice Bar 6 Pack | 295mL, $6.50, $2.20 per 100mL, https://productimages.coles.com.au/productimages/9/9992122.jpg
KB Frozen Prawn Gyoza | 750g, $17.00, $2.27 per 100g, https://productimages.coles.com.au/productimages/1/1548719.jpg
Coles RSPCA Approved Butter Chicken With Long Grain Rice | 375g, $4.00, $1.07 per 100g, https://productimages.coles.com.au/productimages/6/6388121.jpg
Coles Frozen Convenience Meal Beef Lasagne | 375g, $4.00, $1.07 per 100g, https://productimages.coles.com.au/productimages/6/6115592.jpg
Little Bellies Organic Banana Date & Oat Bars | 85g, $4.20, $4.94 per 100g, https://productimages.coles.com.au/productimages/5/5023546.jpg
Only Organic Coconut Banana & Acai Smoothie | 100g, $2.85, $2.85 per 100g, https://productimages.coles.com.au/productimages/2/2134256.jpg
Little Bellies Organic Sweet Corn Round-A-Bouts | 12g, $2.00, $1.67 per 10g, https://productimages.coles.com.au/productimages/2/2367367.jpg
Que Cola Soft Drink | 1.25L, $0.90, $0.72 per 1L, https://productimages.coles.com.au/productimages/3/3243541.jpg
Mr Chen's Ginger Prawn Dumplings | 630g, $16.00, $2.54 per 100g, https://productimages.coles.com.au/productimages/5/5287821.jpg
Mrs Mac's Microwaveable Beef Pie | 175g, $3.20, $1.83 per 100g, https://productimages.coles.com.au/productimages/5/5116658.jpg
Coles Frozen Fruit Mango | 500g, $6.20, $1.24 per 100g, https://productimages.coles.com.au/productimages/5/5513320.jpg
Four N Twenty Traveller Microwavable Beef Cheese & Bacon Pie | 160g, $3.70, $2.31 per 100g, https://productimages.coles.com.au/productimages/3/3542564.jpg
Coles Frozen Meat Pies 6 Pack | 900g, $5.70, $0.63 per 100g, https://productimages.coles.com.au/productimages/7/79394.jpg
Patties Frozen Party Classic Beef Pies 12 pack | 560g, $9.50, $1.70 per 100g, https://productimages.coles.com.au/productimages/5/5237153.jpg
McCain Superfries Frozen Potato Chips Straight Cut | 900g, $4.50, $5.00 per 1kg, https://productimages.coles.com.au/productimages/9/91710.jpg
Coles Frozen Cauliflower Broccoli Mix | 500g, $3.40, $6.80 per 1kg, https://productimages.coles.com.au/productimages/9/9625868.jpg
Rafferty's Garden Beef Sweet Potato & Parsnip Protein Baby Food Pouch 6+ Months | 120g, $2.15, $1.79 per 100g, https://productimages.coles.com.au/productimages/3/3620227.jpg
Coles Frozen Fruit Summer Fruit Mix | 500g, $6.20, $1.24 per 100g, https://productimages.coles.com.au/productimages/3/3850635.jpg
Aptamil Gold+ 4 Junior Nutritional Supplement From 2 Years | 900g, $27.00, $3.00 per 100g, https://productimages.coles.com.au/productimages/7/7733189.jpg
Mr.Chen's Frozen Family Dumpling Pack 20 Pieces | 625g, $15.00, $2.40 per 100g, https://productimages.coles.com.au/productimages/3/3051132.jpg
Only Organic Banana Raspberry & Vanilla Baby Food Pouch 8+ Months | 120g, $1.50, $1.25 per 100g, https://productimages.coles.com.au/productimages/7/7761129.jpg
V Original Energy Drink 250mL | 4 pack, $10.00, $10.00 per 1L, https://productimages.coles.com.au/productimages/8/8737163.jpg
Daily Juice No Added Sugar Orange Juice | 2L, $4.50, $2.25 per 1L, https://productimages.coles.com.au/productimages/5/5129900.jpg
Birds Eye Stir Fry Oriental | 850g, $5.50, $6.47 per 1kg, https://productimages.coles.com.au/productimages/1/1333778.jpg
Peters Light & Creamy French Vanilla Ice Cream Tub | 1.8L, $5.50, $0.31 per 100mL, https://productimages.coles.com.au/productimages/7/7207018.jpg
Huggies Drynites Night Pants Girls Size 4-7 Years | 9 pack, $12.00, $1.33 per 1ea, https://productimages.coles.com.au/productimages/5/5063813.jpg
Filosophy Mini Spirals Spinach And Feta | 450g, $8.20, $1.82 per 100g, https://productimages.coles.com.au/productimages/3/3470485.jpg
Birds Eye Golden Crunch Crinkle Cut Chips | 900g, $5.00, $5.56 per 1kg, https://productimages.coles.com.au/productimages/5/5052522.jpg
Magnum Ice Cream Almond 4Pack | 428mL, $10.50, $2.45 per 100mL, https://productimages.coles.com.au/productimages/6/6893703.jpg
Coca-Cola Classic Soft Drink Can | 250mL, $1.80, $7.20 per 1L, https://productimages.coles.com.au/productimages/2/2034105.jpg
Only Organic Vanilla Bean Custard 6+ Months | 120g, $1.50, $1.25 per 100g, https://productimages.coles.com.au/productimages/1/1188464.jpg
Lipton Peach Ice Tea | 500mL, $2.85, $5.70 per 1L, https://productimages.coles.com.au/productimages/9/9446315.jpg
Bulla Creamy Classics Ice Cream Chocolate Hazelnut Spread Limited Edition | 2L, $10.00, $0.50 per 100mL, https://productimages.coles.com.au/productimages/4/4843577.jpg
Rafferty's Garden Blueberry Sticks 8M+ | 15g, $1.60, $10.67 per 100g, https://productimages.coles.com.au/productimages/3/3766277.jpg
Baby Bellies Banana Pick Up Sticks 7+ Months | 16g, $3.75, $23.44 per 100g, https://productimages.coles.com.au/productimages/4/4163470.jpg
Vitasoy UHT Oat Milk | 1L, $2.00, $2.00 per 1L, https://productimages.coles.com.au/productimages/7/7292254.jpg
Bulla Creamy Classic Vanilla Choc Fudge Cone 4 Pack | 520mL, $9.00, $1.73 per 100mL, https://productimages.coles.com.au/productimages/5/5487810.jpg
Birds Eye Frozen Steam Fresh Carrot Cauliflower & Broccoli 5 pack | 750g, $5.50, $7.33 per 1kg, https://productimages.coles.com.au/productimages/2/2740085.jpg
Rafferty's Garden Strawberry & Chia Yoghurt Brekkie No Added Sugar Baby Food Pouch 8+ Months | 120g, $2.15, $1.79 per 100g, https://productimages.coles.com.au/productimages/4/4159611.jpg
Birds Eye Frozen Chopped Spinach | 250g, $2.80, $11.20 per 1kg, https://productimages.coles.com.au/productimages/7/7562111.jpg
Pampas Frozen Puff Pastry Sheets 10 pack | 1.6kg, $7.30, $0.46 per 100g, https://productimages.coles.com.au/productimages/8/8469177.jpg
Rafferty's Garden Apple Pear & Cinnamon and Nothing Else Baby Food Puree Pouch 4+ Months | 120g, $2.15, $1.79 per 100g, https://productimages.coles.com.au/productimages/6/6027189.jpg
Little Bellies Apple & Cinnamon Baby Puffs | 12g, $2.00, $16.67 per 100g, https://productimages.coles.com.au/productimages/2/2800846.jpg
Family Fave's Crumbed Chicken Tenders | 1kg, $21.50, $21.50 per 1kg, https://productimages.coles.com.au/productimages/4/4315546.jpg
Nanna's Frozen Apple Crumble | 550g, $5.00, $0.91 per 100g, https://productimages.coles.com.au/productimages/9/9718506.jpg
Milton Baby Bottle Cleaner | 500mL, $6.60, $1.32 per 100mL, https://productimages.coles.com.au/productimages/3/3839530.jpg
Bulla Creamy Classics Mint Choc Chip Ice Cream Tub | 2L, $10.00, $0.50 per 100mL, https://productimages.coles.com.au/productimages/5/5049084.jpg
Family Fave's Chicken Chips With Ciabatta Crumb | 1kg, $21.50, $21.50 per 1kg, https://productimages.coles.com.au/productimages/4/4315535.jpg
Little Bellies Animal Biscuits | 130g, $5.50, $4.23 per 100g, https://productimages.coles.com.au/productimages/3/3671895.jpg
Red Bull Energy Drink Multipack Cans 250mL | 8 pack, $19.00, $9.50 per 1L, https://productimages.coles.com.au/productimages/7/7306224.jpg
Coles Chocolate Coated Ice Creams 10 Pack | 865mL, $3.50, $0.40 per 100mL, https://productimages.coles.com.au/productimages/4/4695822.jpg
Solo Zero Sugar Extreme Lemon Soft Drink Bottle | 1.25L, $2.85, $2.28 per 1L, https://productimages.coles.com.au/productimages/1/1167362.jpg
Magnum Ice Cream Mini Classic 6Pack | 360mL, $10.50, $2.92 per 100mL, https://productimages.coles.com.au/productimages/9/9091344.jpg
Daily Juice Pulp Free No Added Sugar Orange Juice | 2L, $4.50, $2.25 per 1L, https://productimages.coles.com.au/productimages/5/5738160.jpg
Schweppes Lemonade | 1.1L, $2.60, $2.36 per 1L, https://productimages.coles.com.au/productimages/3/3270191.jpg
Sara Lee Frozen French Cream Cheesecake | 360g, $8.50, $2.36 per 100g, https://productimages.coles.com.au/productimages/9/9131290.jpg
Coles Stir Fry Vegetables | 500g, $3.40, $6.80 per 1kg, https://productimages.coles.com.au/productimages/2/2270243.jpg
Dr. Oetker Frozen Ristorante Pepperoni Pizza | 310g, $9.00, $2.90 per 100g, https://productimages.coles.com.au/productimages/8/8634943.jpg
Coles Vegetable Cocktail Spring Rolls 60 Pack | 1kg, $7.00, $0.70 per 100g, https://productimages.coles.com.au/productimages/2/2481952.jpg
Schweppes Lemon Lime Bitters Soda Mixers | 1.1L, $2.60, $2.36 per 1L, https://productimages.coles.com.au/productimages/3/3014839.jpg
Original Juice Co. Black Label Pulp Free Chilled Orange Juice | 1.5L, $5.00, $3.33 per 1L, https://productimages.coles.com.au/productimages/5/5972917.jpg
Pepsi Max Multipack Cans 375mL | 10 pack, $15.00, $4.00 per 1L, https://productimages.coles.com.au/productimages/2/2684166.jpg
Oatly Oat Milk Barista Edition | 1L, $5.50, $5.50 per 1L, https://productimages.coles.com.au/productimages/3/3488980.jpg
Red Bull Energy Drink 4X250mL | 4 pack, $7.90, $7.90 per 1L, https://productimages.coles.com.au/productimages/9/9043363.jpg
Original Juice Co. Black Label Chilled Orange Juice | 1.5L, $5.00, $3.33 per 1L, https://productimages.coles.com.au/productimages/8/8190089.jpg
Red Bull Sugar Free Energy Drink Single Can | 250mL, $2.95, $11.80 per 1L, https://productimages.coles.com.au/productimages/9/9505006.jpg
Coles Mini Pack Mandarins | 850g, $2.50, $2.94 per 1kg, https://productimages.coles.com.au/productimages/5/5211604.jpg
Coca-Cola Zero Sugar Soft Drink Can | 250mL, $1.80, $7.20 per 1L, https://productimages.coles.com.au/productimages/2/2993761.jpg
Coles Baby Carrots Prepacked | 500g, $1.20, $2.40 per 1kg, https://productimages.coles.com.au/productimages/4/4236122.jpg
Coles Sweet Corn | 1 each, $1.50, $1.50 per 1ea, https://productimages.coles.com.au/productimages/4/4562603.jpg
Devondale Semi Skim Long Life Milk | 1L, $2.20, $2.20 per 1L, https://productimages.coles.com.au/productimages/4/4824856.jpg
Golden Circle Mango Nectar | 2L, $3.50, $1.75 per 1L, https://productimages.coles.com.au/productimages/7/7796225.jpg
Coles Kids Pack Bananas | 750g, $4.50, $6.00 per 1kg, https://productimages.coles.com.au/productimages/2/2511791.jpg
Coles Asian Choy Pak | 1 each, $2.50, $2.50 per 1ea, https://productimages.coles.com.au/productimages/4/4567039.jpg
Fresh Purple Eggplant | approx 500g, $3.95, $7.90 per 1kg, https://productimages.coles.com.au/productimages/4/4583206.jpg
Coca-Cola Raspberry Zero Sugar Soft Drink Bottle | 1.25L, $1.70, $1.36 per 1L, https://productimages.coles.com.au/productimages/6/6421271.jpg
Coles Sleeved Herbs Coriander | 1 each, $3.20, $3.20 per 1ea, https://productimages.coles.com.au/productimages/4/4575321.jpg
Coles Roasted & Salted Cashews | 750g, $12.00, $16.00 per 1kg, https://productimages.coles.com.au/productimages/5/5259350.jpg
Coles Celery | 1 bunch, $3.50, $3.50 per 1ea, https://productimages.coles.com.au/productimages/4/4845732.jpg
Lipton Lemon Ice Tea | 1.5L, $4.90, $3.27 per 1L, https://productimages.coles.com.au/productimages/6/6344294.jpg
Pauls Zymil Full Cream Long Life Milk | 1L, $3.00, $3.00 per 1L, https://productimages.coles.com.au/productimages/2/2807164.jpg
Coles Soft Drink Lemonade | 1.25L, $0.90, $0.72 per 1L, https://productimages.coles.com.au/productimages/5/5179159.jpg
Coles Sliced Mushrooms | 200g, $3.90, $19.50 per 1kg, https://productimages.coles.com.au/productimages/5/5750960.jpg
Coles Cup Mushrooms | 500g, $6.50, $13.00 per 1kg, https://productimages.coles.com.au/productimages/4/4829838.jpg
Rokeby Farms Smoothie Dutch Chocolate | 425mL, $3.50, $8.24 per 1L, https://productimages.coles.com.au/productimages/1/1944192.jpg
The Daily Juice Breakfast Burst Juice Chilled | 2L, $4.50, $2.25 per 1L, https://productimages.coles.com.au/productimages/4/4745997.jpg
Coles Organic Fairtrade Gold Freeze Dried Coffee | 100g, $4.00, $4.00 per 100g, https://productimages.coles.com.au/productimages/7/7393433.jpg
Sanitarium So Good Long Life Original Almond Milk | 1L, $2.90, $2.90 per 1L, https://productimages.coles.com.au/productimages/9/9089036.jpg
Solo Lemon Soft Drink | 1.25L, $2.85, $2.28 per 1L, https://productimages.coles.com.au/productimages/1/147494.jpg
Coles Leeks | 1 each, $2.90, $2.90 per 1ea, https://productimages.coles.com.au/productimages/4/4595930.jpg
Coles Red Royale Potatoes Loose | approx 170g, $0.77, $4.50 per 1kg, https://productimages.coles.com.au/productimages/1/1181308.jpg
Vittoria Freeze Dried Classic Instant Coffee | 400g, $32.00, $8.00 per 100g, https://productimages.coles.com.au/productimages/4/4824030.jpg
Frantelle Natural Spring Water 600ml | 24 pack, $9.00, $0.63 per 1L, https://productimages.coles.com.au/productimages/4/4978690.jpg
Coles Mango Nectar Fruit Drink | 2L, $2.80, $1.40 per 1L, https://productimages.coles.com.au/productimages/4/4382827.jpg
Vittoria Freeze Dried Mountain Grown Instant Coffee | 400g, $32.00, $8.00 per 100g, https://productimages.coles.com.au/productimages/4/4824109.jpg
Schweppes Tonic Water Mixers | 1.1L, $2.60, $2.36 per 1L, https://productimages.coles.com.au/productimages/3/3014806.jpg
Coles Sweet Corn Prepacked | 4 pack, currently unavailable, currently unavailable per each, https://productimages.coles.com.au/productimages/4/4828981.jpg
Coles Rockmelon Whole | 1 each, $3.50, $3.50 per 1ea, https://productimages.coles.com.au/productimages/4/428915.jpg
Golden Circle  Tetra Pineapple Mango Fruit Drink | 1L, $2.60, $2.60 per 1L, https://productimages.coles.com.au/productimages/2/200145.jpg
Coles Green Beans Prepacked | 500g, $5.50, $11.00 per 1kg, https://productimages.coles.com.au/productimages/3/3214270.jpg
Coles Spring Water 8x1.5L | 8 pack, $5.90, $0.49 per 1L, https://productimages.coles.com.au/productimages/7/7906196.jpg
Coles Kent Pumpkin Cut | approx 900g, $2.70, $3.00 per 1kg, https://productimages.coles.com.au/productimages/4/4202540.jpg
Coles Green Asparagus | 1 each, $3.00, $3.00 per 1ea, https://productimages.coles.com.au/productimages/4/4838737.jpg
The Juice Brothers Orange Juice | 1.5L, $6.00, $4.00 per 1L, https://productimages.coles.com.au/productimages/3/3183778.jpg
V Energy Drink Can | 250mL, $2.35, $9.40 per 1L, https://productimages.coles.com.au/productimages/8/8737185.jpg
Fresh Granny Smith Medium Apples | approx 170g, $0.83, $4.90 per 1kg, https://productimages.coles.com.au/productimages/4/408554.jpg
Coles 4 Leaf Salad Mix | 120g, $2.00, $16.67 per 1kg, https://productimages.coles.com.au/productimages/6/6885716.jpg
Fifth Leg Semillon Sauvignon Blanc 750mL | 1 Each, $12.00, $16.00 per 1L, https://productimages.coles.com.au/productimages/8/8237058.jpg
Coles Granny Smith Apples 1kg | 1 each, $4.90, $4.90 per 1kg, https://productimages.coles.com.au/productimages/4/4438740.jpg
Coles Royal Gala Apples 1Kg | 1 each, $5.90, $5.90 per 1kg, https://productimages.coles.com.au/productimages/4/4433462.jpg
Pepsi Cola Soft Drink Bottle | 1.25L, $2.85, $2.28 per 1L, https://productimages.coles.com.au/productimages/1/148205.jpg
Coles I'M Perfect Carrots Prepacked | 1.5kg, $1.50, $1.00 per 1kg, https://productimages.coles.com.au/productimages/3/3609392.jpg
Coles Ginger loose | approx 120g, $3.48, $29.00 per 1kg, https://productimages.coles.com.au/productimages/5/5034484.jpg
Coles Medium Lemons 5 Pack | 1 each, $4.90, $4.90 per 1ea, https://productimages.coles.com.au/productimages/4/409728.jpg
Coles Garlic Bulb Prepack | 4 pack, $3.50, $31.82 per 1kg, https://productimages.coles.com.au/productimages/3/3866840.jpg
Woodstock Bourbon & Cola 4.8% Can  375mL | 10 Pack, $36.00, $9.60 per 1L, https://productimages.coles.com.au/productimages/6/6618957.jpg
Coles Water Spring Natural | 10L, $4.40, $0.44 per 1L, https://productimages.coles.com.au/productimages/4/4874479.jpg
Coles 4 Leaf Salad Mix | 200g, $3.00, $15.00 per 1kg, https://productimages.coles.com.au/productimages/8/8209722.jpg
Houghton White Classic 750mL | 1 Each, $13.00, $17.33 per 1L, https://productimages.coles.com.au/productimages/8/8227881.jpg
Coles Vine Ripened Tomatoes Prepacked | 500g, $6.90, $13.80 per 1kg, https://productimages.coles.com.au/productimages/4/4835171.jpg
Hidden Gem Semillon Sauvignon Blanc 750mL | 1 Each, $4.00, $5.33 per 1L, https://productimages.coles.com.au/productimages/9/9861532.jpg
Coles Bravo Apples | approx 170g, $1.17, $6.90 per 1kg, https://productimages.coles.com.au/productimages/5/5899410.jpg
Coles Cup Mushrooms Prepacked | 200g, $3.90, $19.50 per 1kg, https://productimages.coles.com.au/productimages/4/4829860.jpg
Coles Red Royale Washed Potatoes Prepacked | 2kg, $7.50, $3.75 per 1kg, https://productimages.coles.com.au/productimages/7/7963859.jpg
Coles Cherry Tomatoes Prepacked | 250g, $3.00, $12.00 per 1kg, https://productimages.coles.com.au/productimages/4/4834736.jpg
Coles Garlic loose | approx 60g, $1.91, $31.91 per 1kg, https://productimages.coles.com.au/productimages/6/6105715.jpg
Heineken Bottle 330mL | 24 Pack, $52.00, $0.66 per 100mL, https://productimages.coles.com.au/productimages/6/60202.jpg
Whispers Sauvignon Blanc 750mL | 1 Each, $5.00, $6.67 per 1L, https://productimages.coles.com.au/productimages/8/8301157.jpg
Coles Pink Lady Apples 1kg | 1 each, $5.90, $5.90 per 1kg, https://productimages.coles.com.au/productimages/4/4438477.jpg
Coles Rosalee Pink Onions Prepacked | 1kg, $2.90, $2.90 per 1kg, https://productimages.coles.com.au/productimages/2/2483914.jpg
Carlton Dry Bottle 330mL | 6 Pack, $19.00, $19.00 per each, https://productimages.coles.com.au/productimages/4/473613.jpg
Coles Shredded Iceberg Lettuce | 200g, $2.00, $10.00 per 1kg, https://productimages.coles.com.au/productimages/2/2470526.jpg
Coles Baby Rocket | 60g, $2.00, $33.34 per 1kg, https://productimages.coles.com.au/productimages/1/1499759.jpg
Coles Creme Royale Brushed Potatoes loose | approx 200g, $0.70, $3.50 per 1kg, https://productimages.coles.com.au/productimages/1/1022610.jpg
Pauls Zymil Low Fat Long Life Milk | 1L, $3.00, $3.00 per 1L, https://productimages.coles.com.au/productimages/8/8893963.jpg
Coles Perino Gold Tomatoes Prepacked | 200g, $3.50, $17.50 per 1kg, https://productimages.coles.com.au/productimages/1/1883000.jpg
Coles Half Cauliflower Precut | 1 each, $2.50, $2.50 per 1ea, https://productimages.coles.com.au/productimages/3/3395313.jpg
Wolf Blass Red Label Chardonnay 750mL | 1 Each, $7.00, $9.33 per 1L, https://productimages.coles.com.au/productimages/8/8234843.jpg
Hammer N Tongs Draught Block Can 330mL | 30 Pack, $39.00, $0.39 per 100mL, https://productimages.coles.com.au/productimages/2/2351902.jpg
Stoneleigh Marlborough Sauvignon Blanc 750mL | 1 Each, $15.00, $20.00 per 1L, https://productimages.coles.com.au/productimages/8/8239960.jpg
Schweppes Orange Mango Mineral Water | 1.1L, $2.60, $2.36 per 1L, https://productimages.coles.com.au/productimages/3/3014930.jpg
Guinness Draught Can 440mL | 6 Pack, $20.00, $7.58 per 1L, https://productimages.coles.com.au/productimages/8/8642828.jpg
Coles Vine Ripened Cherry Tomatoes | 250g, $4.00, $16.00 per 1kg, https://productimages.coles.com.au/productimages/4/4830826.jpg
Jacob's Creek Sauvignon Blanc 750mL | 1 Each, $10.00, $13.33 per 1L, https://productimages.coles.com.au/productimages/8/8302580.jpg
19 Crimes Shiraz 750mL | 1 Each, $17.00, $22.67 per 1L, https://productimages.coles.com.au/productimages/3/3186062.jpg
Coles Navel Oranges | 3kg, $5.50, $1.83 per 1kg, https://productimages.coles.com.au/productimages/4/409874.jpg
Coles Sleeved Herbs Parsley Continental | 1 each, $3.20, $3.20 per 1ea, https://productimages.coles.com.au/productimages/4/4575161.jpg
Great Northern Super Crisp Lager Bottle 330mL | 6 Pack, $20.00, $10.10 per 1L, https://productimages.coles.com.au/productimages/2/2374191.jpg
Coles Salad Family Baby Spinach | 280g, $5.00, $17.86 per 1kg, https://productimages.coles.com.au/productimages/8/8658588.jpg
Brown Brothers Moscato 750mL | 1 Each, $16.00, $21.33 per 1L, https://productimages.coles.com.au/productimages/8/8241940.jpg
Coles Half Drumhead Cabbage | 1 each, $3.90, $3.90 per 1ea, https://productimages.coles.com.au/productimages/3/3666396.jpg
Hardys VR Chardonnay 1L | 1 Each, $8.00, $8.00 per 1L, https://productimages.coles.com.au/productimages/8/8240981.jpg
Chandon NV Sparkling Brut 750mL | 1 Each, $35.00, $46.67 per 1L, https://productimages.coles.com.au/productimages/8/8244712.jpg
Parson's Paddock Shiraz 750mL | 1 Each, $8.00, $10.67 per 1L, https://productimages.coles.com.au/productimages/8/8317361.jpg
Pure Blonde Bottle 355mL | 24 Pack, $53.00, $6.24 per 1L, https://productimages.coles.com.au/productimages/4/4296791.jpg
Hidden Gem Cabernet Merlot 750mL | 1 Each, $4.00, $0.53 per 100mL, https://productimages.coles.com.au/productimages/9/9861827.jpg
The Ned Pinot Gris 750mL | 1 Each, $18.00, $24.00 per 1L, https://productimages.coles.com.au/productimages/8/8280782.jpg
Yellow Tail Bubbles 750mL | 1 Each, $10.00, $13.33 per 1L, https://productimages.coles.com.au/productimages/8/8293128.jpg
Coles Trimmed Celery Prepacked | 1 each, $4.50, $4.50 per 1ea, https://productimages.coles.com.au/productimages/2/2386281.jpg
Smirnoff Red Vodka 700mL | 1 Each, $47.00, $67.14 per 1L, https://productimages.coles.com.au/productimages/3/3681571.jpg
Taylors One Small Step Chardonnay 750mL | 1 Each, $12.00, $16.00 per 1L, https://productimages.coles.com.au/productimages/2/2790800.jpg
Victoria Bitter Bottle 375mL | 24 Pack, $55.00, $6.11 per 1L, https://productimages.coles.com.au/productimages/1/10078.jpg
John Samson Scotch Whisky 700mL | 1 Each, $39.00, $55.72 per 1L, https://productimages.coles.com.au/productimages/8/8330097.jpg
Sensodyne Complete Care Toothpaste X-fresh | 100g, $8.61, $8.61 per 100g, https://productimages.coles.com.au/productimages/5/5919324.jpg
Pantene Pro-V Daily Moisture Renewal Shampoo | 900mL, $10.00, $1.11 per 100mL, https://productimages.coles.com.au/productimages/2/2290557.jpg
Jim Beam Black Double Serve 6.9% Can 375mL | 4 Pack, $25.00, $16.67 per 1L, https://productimages.coles.com.au/productimages/3/3226848.jpg
Hidden Gem Chardonnay 750mL | 1 Each, $4.00, $5.33 per 1L, https://productimages.coles.com.au/productimages/9/9861463.jpg
Champteloup Rose d'Anjou 750mL | 1 Each, $12.00, $16.00 per 1L, https://productimages.coles.com.au/productimages/1/1015513.jpg
Yellow Tail Chardonnay 750mL | 1 Each, $10.00, $13.33 per 1L, https://productimages.coles.com.au/productimages/8/8263648.jpg
Nurofen Zavance Tablets Pain Relief 256mg Ibuprofen | 24 pack, $7.50, $0.31 per 1ea, https://productimages.coles.com.au/productimages/6/6841110.jpg
Stone & Wood Pacific Ale Bottle 330mL | 6 Pack, $19.00, $0.96 per 100mL, https://productimages.coles.com.au/productimages/7/7678229.jpg
Winton Road Barossa Valley Shiraz 750mL | 1 Each, $20.00, $26.67 per 1L, https://productimages.coles.com.au/productimages/3/3113218.jpg
Dove Beauty Bar Shea Butter | 2 pack, $4.20, $2.10 per 1ea, https://productimages.coles.com.au/productimages/5/5259371.jpg
Coles Extra Pads Overnight With Wings | 12 pack, $2.20, $0.18 per 1ea, https://productimages.coles.com.au/productimages/3/3706887.jpg
Baileys Irish Cream 1L | 1 Each, $49.00, $49.00 per 1L, https://productimages.coles.com.au/productimages/8/8330916.jpg
Great Northern Original Can 375mL | 8 Pack, $23.00, $7.67 per 1L, https://productimages.coles.com.au/productimages/4/4417580.jpg
Oral-B Gum Care & Sensitivity Repair Toothpaste | 110g, $10.00, $9.09 per 100g, https://productimages.coles.com.au/productimages/2/2868690.jpg
Nivea Express Hydration Body Lotion | 400mL, $9.50, $2.38 per 100mL, https://productimages.coles.com.au/productimages/7/7199000.jpg
Panadol Extra Paracetamol 500mg Caplets | 20 pack, $7.50, $0.38 per 1ea, https://productimages.coles.com.au/productimages/3/3084211.jpg
Panadol Optizorb Paracetamol Caplets | 20 pack, $4.50, $0.23 per 1ea, https://productimages.coles.com.au/productimages/1/1486043.jpg
Colgate Advanced Whitening Charcoal Toothpaste | 180g, $10.00, $5.56 per 100g, https://productimages.coles.com.au/productimages/4/4842440.jpg
Dove Nourishing Secrets Restoring Coconut Body Wash | 1L, $8.50, $0.85 per 100mL, https://productimages.coles.com.au/productimages/3/3466058.jpg
Colgate Advanced Whitening Toothpaste  | 200g, $10.00, $5.00 per 100g, https://productimages.coles.com.au/productimages/4/4842439.jpg
Coles Antibacterial Hand Wash Sweet Orange | 1L, $3.00, $0.30 per 100mL, https://productimages.coles.com.au/productimages/3/3234551.jpg
Johnson's Body Care Dreamy Skin Lavender & Moonflower Scented Body Wash | 1L, $13.00, $1.30 per 100mL, https://productimages.coles.com.au/productimages/9/9216847.jpg
Colgate 360 Degree Value Pack Medium Toothbrush | 2 pack, $8.00, $4.00 per 1ea, https://productimages.coles.com.au/productimages/5/5398582.jpg
Nurofen Zavance Fast Pain Relief Liquid Capsules 200mg Ibuprofen | 24 pack, $5.40, $0.23 per 1ea, https://productimages.coles.com.au/productimages/9/9677920.jpg
Libra Invisible Pads Goodnight | 8 pack, $3.85, $0.48 per 1ea, https://productimages.coles.com.au/productimages/3/3812669.jpg
Arnott's Tim Tam Chocolate Biscuits Coconut Cream | 165g, $2.25, $1.36 per 100g, https://productimages.coles.com.au/productimages/6/6519365.jpg
Palmolive Japanese Cherry Blossom Foaming Hand Wash Sanitiser Liquid Refill | 1L, $8.50, $0.85 per 100mL, https://productimages.coles.com.au/productimages/3/3510003.jpg
Coles Basmati Rice | 1kg, $4.00, $0.40 per 100g, https://productimages.coles.com.au/productimages/8/8703059.jpg
Cadbury Twirl Chocolate Bar | 39g, $2.00, $5.13 per 100g, https://productimages.coles.com.au/productimages/5/5216313.jpg
Cadbury Boost Chocolate Bar | 60g, $2.00, $3.33 per 100g, https://productimages.coles.com.au/productimages/4/4425023.jpg
Libra Girl Goodnight Pads With Wings | 10 pack, $3.50, $0.35 per 1ea, https://productimages.coles.com.au/productimages/3/3301546.jpg
Bundaberg UP Rum 700mL | 1 Each, $45.00, $64.29 per 1L, https://productimages.coles.com.au/productimages/8/8328324.jpg
Bundaberg UP Rum 1L | 1 Each, $62.00, $62.00 per 1L, https://productimages.coles.com.au/productimages/8/8335396.jpg
Coles Sweetened Condensed Milk | 397g, $1.80, $0.45 per 100g, https://productimages.coles.com.au/productimages/1/1992140.jpg
Palmolive Aloe Vera With Chamomile Hand Wash | 1L, $4.20, $0.42 per 100mL, https://productimages.coles.com.au/productimages/8/8167804.jpg
Mcvities Digestives Biscuits Dark Chocolate | 266g, $4.40, $1.65 per 100g, https://productimages.coles.com.au/productimages/5/5854717.jpg
Colgate Total Original Toothpaste | 200g, $6.00, $3.00 per 100g, https://productimages.coles.com.au/productimages/3/3401074.jpg
Colgate Multi Benefit Advanced Whitening Toothpaste | 200g, $7.00, $3.50 per 100g, https://productimages.coles.com.au/productimages/3/3400956.jpg
Coles Antibacterial Hand Wash Refill Aloe Vera & Chamomile | 1L, $3.00, $0.30 per 100mL, https://productimages.coles.com.au/productimages/3/3234562.jpg
John West Tempters Tuna Chunks in Springwater | 95g, $2.70, $28.42 per 1kg, https://productimages.coles.com.au/productimages/7/7532777.jpg
Coles Corn Kernels | 420g, $1.10, $2.62 per 1kg, https://productimages.coles.com.au/productimages/4/4774066.jpg
Oral-B Advantage Complete Whitening Toothbrush Medium | 1 pack, $4.00, $4.00 per 1ea, https://productimages.coles.com.au/productimages/4/4408818.jpg
Dove Nourishing Body Wash Fresh Touch | 1L, $8.50, $0.85 per 100mL, https://productimages.coles.com.au/productimages/9/9218252.jpg
Dettol Healthy Touch Liquid Antibacterial Instant Hand Sanitiser | 50mL, $3.50, $0.70 per 10mL, https://productimages.coles.com.au/productimages/6/6445236.jpg
Nurofen Zavance Fast Pain Relief Caplets 256mg Ibuprofen | 24 pack, $7.50, $0.31 per 1ea, https://productimages.coles.com.au/productimages/6/6841131.jpg
U by Kotex Designer Series Pads Regular With Wings | 22 pack, $8.40, $0.38 per 1ea, https://productimages.coles.com.au/productimages/1/1719527.jpg
Coles Original Corn Chips | 200g, $2.30, $1.15 per 100g, https://productimages.coles.com.au/productimages/6/6993038.jpg
Arnott's Mint Slice Chocolate Biscuits | 200g, $2.25, $1.13 per 100g, https://productimages.coles.com.au/productimages/3/329571.jpg
Imperial Leather Original Bar Soap Toilet Soap | 6 pack, $4.50, $0.75 per 100g, https://productimages.coles.com.au/productimages/5/5891564.jpg
Kewpie Mayonnaise | 300g, $4.30, $1.43 per 100g, https://productimages.coles.com.au/productimages/4/4604984.jpg
Listerine Original Antibacterial Mouthwash | 1L, $14.00, $1.40 per 100mL, https://productimages.coles.com.au/productimages/5/5240351.jpg
Cadbury Cherry Ripe Chocolate Bar | 52g, $2.00, $3.85 per 100g, https://productimages.coles.com.au/productimages/1/136534.jpg
Extra Spearmint Sugar Free Chewing Gum | 64g, $4.00, $6.25 per 100g, https://productimages.coles.com.au/productimages/1/1804513.jpg
Coles Extra Pads Super With Wings | 14 pack, $2.20, $0.16 per 1ea, https://productimages.coles.com.au/productimages/3/3706876.jpg
Renmano Aged Tawny Cask 2L | 1 Each, $12.00, $6.00 per 1L, https://productimages.coles.com.au/productimages/8/84161.jpg
Colgate Total Gum Health Toothpaste | 115g, $3.25, $2.83 per 100g, https://productimages.coles.com.au/productimages/4/4882444.jpg
Eclipse Spearmint Sugar Free Mints Tin | 40g, $3.50, $8.75 per 100g, https://productimages.coles.com.au/productimages/3/3454682.jpg
Arnott's Malt-O-Milk Biscuits | 250g, $3.30, $1.32 per 100g, https://productimages.coles.com.au/productimages/3/329447.jpg
Kellogg's Nutri-Grain Protein Breakfast Cereal | 290g, $7.00, $2.41 per 100g, https://productimages.coles.com.au/productimages/8/8491755.jpg
U by Kotex Extra Pads Super With Wings | 14 pack, $5.00, $0.36 per 1ea, https://productimages.coles.com.au/productimages/2/2916035.jpg
Palmolive Cherry Blossom Foaming Hand Wash | 250mL, $3.20, $1.28 per 100mL, https://productimages.coles.com.au/productimages/2/2814603.jpg
Panadol Paracetamol Pain Relief Tablets | 20 pack, $4.50, $0.23 per 1ea, https://productimages.coles.com.au/productimages/1/1486065.jpg
Cadbury Fry's Turkish Delight Chocolate Bar | 55g, $2.00, $3.64 per 100g, https://productimages.coles.com.au/productimages/1/136498.jpg
Colgate Great Regular Flavour Toothpaste | 90g, $2.00, $2.22 per 100g, https://productimages.coles.com.au/productimages/4/4509134.jpg
Pringles Sour Cream & Onion Potato Chips | 134g, $5.00, $3.73 per 100g, https://productimages.coles.com.au/productimages/2/2784058.jpg
Dettol Profresh Shower Gel Body Wash Lemon and Lime | 950mL, $10.50, $1.11 per 100mL, https://productimages.coles.com.au/productimages/2/2289128.jpg
Listerine Total Care Antibacterial Mouthwash | 1L, $17.00, $1.70 per 100mL, https://productimages.coles.com.au/productimages/6/6874120.jpg
Coles Italian Diced Tomatoes | 800g, $2.00, $2.50 per 1kg, https://productimages.coles.com.au/productimages/6/6238990.jpg
U By Kotex Ultrathin Overnight Pads With Wings | 10 pack, $5.00, $0.50 per 1ea, https://productimages.coles.com.au/productimages/1/1721493.jpg
Nestle Whole Grain Energy & Fibre Milo Cereal | 350g, $6.50, $1.86 per 100g, https://productimages.coles.com.au/productimages/9/9579760.jpg
Heineken Bottle 330mL | 6 Pack, $17.00, $0.86 per 100mL, https://productimages.coles.com.au/productimages/3/36009.jpg
Belvita Chocolate Breakfast Biscuit 6 Pack | 300g, $4.50, $1.50 per 100g, https://productimages.coles.com.au/productimages/1/1843763.jpg
Libra Original Regular Tampons | 16 pack, $3.01, $0.19 per 1ea, https://productimages.coles.com.au/productimages/4/459533.jpg
Johnson's Body Care Moisturising Body Wash | 1L, $13.00, $1.30 per 100mL, https://productimages.coles.com.au/productimages/9/9216869.jpg
U by Kotex Designer Series Liners | 30 pack, $4.20, $0.14 per 1ea, https://productimages.coles.com.au/productimages/1/1173401.jpg
Cobs Sweet & Salty Gluten Free Popcorn | 120g, $3.50, $2.92 per 100g, https://productimages.coles.com.au/productimages/6/6772389.jpg
Nestle KitKat Milk Chocolate Block | 170g, $5.50, $3.24 per 100g, https://productimages.coles.com.au/productimages/5/5872479.jpg
Libra Liners Double 2-in-1 | 25 pack, $2.45, $0.10 per 1ea, https://productimages.coles.com.au/productimages/5/5058959.jpg
Arnott's Shapes Original Pizza Cracker Biscuits | 190g, $3.50, $1.84 per 100g, https://productimages.coles.com.au/productimages/2/2734457.jpg
Listerine Freshburst Antibacterial Mouthwash | 1L, $14.00, $1.40 per 100mL, https://productimages.coles.com.au/productimages/7/7945314.jpg
Eclipse Peppermint Sugar Free Mints Tin | 40g, $3.50, $8.75 per 100g, https://productimages.coles.com.au/productimages/3/3454729.jpg
Tooheys Extra Dry Bottle 345mL | 24 Pack, $52.00, $6.28 per 1L, https://productimages.coles.com.au/productimages/9/93606.jpg
Arnott's Chocolate Coated Teddy Bear Biscuits  | 200g, $2.25, $1.13 per 100g, https://productimages.coles.com.au/productimages/3/329582.jpg
Coles Raw Sugar | 1kg, $1.80, $0.18 per 100g, https://productimages.coles.com.au/productimages/2/294182.jpg
Coles Dental Flossers | 30 pack, $1.50, $0.05 per 1ea, https://productimages.coles.com.au/productimages/2/2835352.jpg
OBAP Roasted Seasoned Seaweed 8 Pack | 40g, $4.35, $10.88 per 100g, https://productimages.coles.com.au/productimages/3/3308749.jpg
Sakata Plain Rice Crackers Gluten Free | 100g, $2.30, $2.30 per 100g, https://productimages.coles.com.au/productimages/6/6878175.jpg
Tena Extra Long Incontinence Liner | 24 pack, $5.50, $0.23 per 1ea, https://productimages.coles.com.au/productimages/6/6792058.jpg
Coles White Plain Flour | 2kg, $2.20, $1.10 per 1kg, https://productimages.coles.com.au/productimages/5/5880841.jpg
Coles Coconut Milk | 400mL, $0.95, $0.24 per 100mL, https://productimages.coles.com.au/productimages/3/3924527.jpg
Cadbury Dairy Milk Caramello Koala Chocolate Sharepack | 180g, $5.00, $2.78 per 100g, https://productimages.coles.com.au/productimages/2/2353056.jpg
Real Foods Original Corn Thins | 150g, $2.00, $1.33 per 100g, https://productimages.coles.com.au/productimages/7/7112308.jpg
Arnott's Mini Wagon Wheels Original Biscuits | 190g, $2.25, $1.18 per 100g, https://productimages.coles.com.au/productimages/8/8707049.jpg
Strepsils Herbal Cough Lozenges Honey Lemon | 16 each, $8.00, $0.50 per 1ea, https://productimages.coles.com.au/productimages/4/4975137.jpg
Coles Coconut Cream | 400mL, $1.00, $0.25 per 100mL, https://productimages.coles.com.au/productimages/5/5357676.jpg
Coles White Vinegar | 2L, $1.70, $0.09 per 100mL, https://productimages.coles.com.au/productimages/4/4524127.jpg
Coles Biodegradable Sensitive 3 In 1 Facial Cleansing Wipes | 30 pack, $1.80, $0.06 per 1ea, https://productimages.coles.com.au/productimages/4/4339318.jpg
Jamiesons Run Grazier Chardonnay 750mL | 1 Each, $6.00, $8.00 per 1L, https://productimages.coles.com.au/productimages/2/2587159.jpg
Lindt Lindor 60% Cocoa Chocolate Block | 100g, $3.85, $3.85 per 100g, https://productimages.coles.com.au/productimages/5/5228390.jpg
Kettle Natives Lime & Pepper | 150g, $6.00, $4.00 per 100g, https://productimages.coles.com.au/productimages/5/5354157.jpg
Lindt Excellence Dark Chocolate Raspberry Intense Block | 100g, $3.85, $3.85 per 100g, https://productimages.coles.com.au/productimages/2/2221383.jpg
Tamar Valley Kids Greek Pouch Yoghurt | 110g, $2.40, $2.18 per 100g, https://productimages.coles.com.au/productimages/3/3539526.jpg
Lindt Excellence 70% Dark Smooth Chocolate Block | 100g, $3.85, $3.85 per 100g, https://productimages.coles.com.au/productimages/2/2652159.jpg
Uncle Tobys Quick Oats Porridge | 1kg, $3.25, $0.33 per 100g, https://productimages.coles.com.au/productimages/1/152009.jpg
Perfect Italiano Parmesan Cheese Block | 200g, $5.50, $27.50 per 1kg, https://productimages.coles.com.au/productimages/3/3274068.jpg
Lindt Excellence Sea Salt Caramel Dark Chocolate Block | 100g, $3.85, $3.85 per 100g, https://productimages.coles.com.au/productimages/2/2024495.jpg
Lindt Excellence 90% Cocoa Dark Chocolate Block | 100g, $3.85, $3.85 per 100g, https://productimages.coles.com.au/productimages/1/1735589.jpg
Tamar Valley Kids Natural Greek Tropical Yoghurt Pouch | 110g, $2.40, $2.18 per 100g, https://productimages.coles.com.au/productimages/2/2744360.jpg
Lindt Lindor Assorted Chocolate Cornet | 333g, $12.00, $3.60 per 100g, https://productimages.coles.com.au/productimages/3/3856584.jpg
Tamar Valley Greek Yoghurt | 1kg, $6.00, $0.60 per 100g, https://productimages.coles.com.au/productimages/2/2130299.jpg
Bulla Light Sour Cream | 200mL, $3.70, $1.85 per 100mL, https://productimages.coles.com.au/productimages/4/416701.jpg
Tamar Valley Kids Greek Natural Raspberry Yoghurt Pouch | 110g, $2.40, $2.18 per 100g, https://productimages.coles.com.au/productimages/3/3245570.jpg
Perfect Italiano Dairy Cheese Grated Mozzarella:Mozzarella | 450g, $9.00, $20.00 per 1kg, https://productimages.coles.com.au/productimages/6/63816.jpg
Lindt Lindor White Chocolate Block | 100g, $3.85, $3.85 per 100g, https://productimages.coles.com.au/productimages/5/5604130.jpg
Golden Circle 100% Apple Juice No Added Sugar Fruit Juice | 2L, $3.50, $1.75 per 1L, https://productimages.coles.com.au/productimages/5/5487456.jpg
Sunrice Medium Grain White Rice | 5kg, $9.50, $0.19 per 100g, https://productimages.coles.com.au/productimages/2/206560.jpg
Perfect Italiano Extra Sharp Parmesan | 200g, $5.50, $27.50 per 1kg, https://productimages.coles.com.au/productimages/4/4394123.jpg
Bulla Dollop Thick Cream | 200mL, $3.80, $1.90 per 100mL, https://productimages.coles.com.au/productimages/6/6608148.jpg
McKenzie's Split Red Lentils | 375g, $2.30, $0.61 per 100g, https://productimages.coles.com.au/productimages/1/130061.jpg
Sunrice Basmati Rice Cup 2 pack | 240g, $3.00, $1.25 per 100g, https://productimages.coles.com.au/productimages/8/8479884.jpg
McKenzie's Split Yellow Peas | 500g, $1.60, $0.32 per 100g, https://productimages.coles.com.au/productimages/1/130017.jpg
Tamar Valley Kids Greek Vanilla Yoghurt Pouch | 110g, $2.40, $2.18 per 100g, https://productimages.coles.com.au/productimages/2/2744348.jpg
Uncle Tobys Roll Ups Rainbow Fruit Salad 6 Pack | 94g, $5.00, $5.32 per 100g, https://productimages.coles.com.au/productimages/6/6899175.jpg
Perfect Italiano Perfect Bakes | 450g, $9.00, $20.00 per 1kg, https://productimages.coles.com.au/productimages/1/1436737.jpg
Dream Whip Whipped Dairy Topping Cream | 250g, $5.60, $2.24 per 100g, https://productimages.coles.com.au/productimages/5/5362360.jpg
Uncle Tobys Mango And Passionfruit Yoghurt Muesli Bars | 185g, $5.00, $2.70 per 100g, https://productimages.coles.com.au/productimages/4/4974961.jpg
Coles Finest Sourdough Pane Di Casa With Sesame | 1 pack, $6.50, $6.50 per 1ea, https://productimages.coles.com.au/productimages/3/3018013.jpg
Sanitarium Up&Go Liquid Breakfast Protein Energize Choc Fridge Pack 12X250mL | 3L, $14.50, $4.83 per 1L, https://productimages.coles.com.au/productimages/1/1623472.jpg
Crisco Blended Vegetable Oil | 2L, $9.00, $0.45 per 100mL, https://productimages.coles.com.au/productimages/1/126814.jpg
Uncle Tobys Oats Quick Sachets Berry Variety | 350g, $6.30, $1.80 per 100g, https://productimages.coles.com.au/productimages/3/3992505.jpg
Steggles Frozen Southern Style Chicken Breast Tenders  | 400g, $6.00, $15.00 per 1kg, https://productimages.coles.com.au/productimages/2/2719963.jpg
Heritage Mill Clusters Apple Crumble | 750g, $5.00, $0.67 per 100g, https://productimages.coles.com.au/productimages/5/5283434.jpg
Leggo's Creamy Sundried Tomato & Garlic Pasta Bake Sauce | 500g, $4.00, $0.80 per 100g, https://productimages.coles.com.au/productimages/2/2683855.jpg
Carman's Gourmet Porridge Apple Sultana & Cinnamon Sachets 8 pack | 320g, $5.00, $1.56 per 100g, https://productimages.coles.com.au/productimages/1/1736763.jpg
Campbell's Real Stock Beef Stock | 250mL, $1.80, $0.72 per 100mL, https://productimages.coles.com.au/productimages/1/1190149.jpg
Carmans Porridge Protein Rich Almond Vanilla & Cinnamon | 270g, $5.00, $1.85 per 100g, https://productimages.coles.com.au/productimages/3/3990893.jpg
Heritage Mill Clusters Berry Bliss | 750g, $5.00, $0.67 per 100g, https://productimages.coles.com.au/productimages/5/5283445.jpg
Sakata Extra Tasty Cheddar Cheese Rice Crackers | 100g, $2.30, $2.30 per 100g, https://productimages.coles.com.au/productimages/9/9610408.jpg
Carman's Gourmet Porridge Sachets Raspberry & Vanilla | 320g, $5.00, $1.56 per 100g, https://productimages.coles.com.au/productimages/4/4964855.jpg
Coles Kitchen Broccoli Cauliflower & Parmesan Soup | 300g, $3.00, $1.00 per 100g, https://productimages.coles.com.au/productimages/3/3766798.jpg
Coles Finest By Laurent Black Olive And Chilli Vienna | 1 each, $6.50, $6.50 per 1ea, https://productimages.coles.com.au/productimages/4/4819379.jpg
Oxo Beef Stock Cubes | 71g, $2.30, $0.32 per 10g, https://productimages.coles.com.au/productimages/1/157079.jpg
Coles Boneless Small Pork Loin Roast | approx 1.25kg, $15.00, $12.00 per 1kg, https://productimages.coles.com.au/productimages/7/7363501.jpg
Nestle Bakers' Choice Baking Cocoa | 190g, $4.50, $2.37 per 100g, https://productimages.coles.com.au/productimages/8/8966229.jpg
Provedore Free Range Chorizo | 200g, $6.50, $32.50 per 1kg, https://productimages.coles.com.au/productimages/4/4250790.jpg
Devondale Moo Strawberry Flavoured Milk 200mL | 6 pack, $5.90, $4.92 per 1L, https://productimages.coles.com.au/productimages/1/1948466.jpg
Coles Kitchen Tomato & Basil Soup | 300g, $3.00, $1.00 per 100g, https://productimages.coles.com.au/productimages/3/3467469.jpg
Campbell's Real Stock Chicken Stock | 250mL, $1.80, $0.72 per 100mL, https://productimages.coles.com.au/productimages/1/1190150.jpg
Coles Bakery Stone Baked Mini Rye Pane Di Casa | 1 each, $2.50, $2.50 per 1ea, https://productimages.coles.com.au/productimages/3/3384918.jpg
Carman's Crunchy Clusters Cereal Berry | 750g, $6.00, $0.80 per 100g, https://productimages.coles.com.au/productimages/4/4967730.jpg
Sakata Wholegrain Rice Cracker Sweet Chilli Sour Cream | 90g, $2.30, $2.56 per 100g, https://productimages.coles.com.au/productimages/5/5483310.jpg
Red Tractor Australian Instant Oats | 1kg, $4.75, $0.48 per 100g, https://productimages.coles.com.au/productimages/3/3185321.jpg
Nestle Bakers' Choice Baking Milk Chocolate Bits Value Pack | 375g, $6.00, $1.60 per 100g, https://productimages.coles.com.au/productimages/3/3834050.jpg
Cadbury White Chocolate Baking Chips | 200g, $3.50, $1.75 per 100g, https://productimages.coles.com.au/productimages/2/2313619.jpg
Primo Mount Ash Pansize Bacon | approx 125g, $2.25, $18.00 per 1kg, https://productimages.coles.com.au/productimages/4/4304200.jpg
Old El Paso Regular Tortillas Fajita 6 Pack | 240g, $4.00, $1.67 per 100g, https://productimages.coles.com.au/productimages/7/7395392.jpg
Coles Kitchen Butternut Pumpkin Soup | 300g, $3.00, $1.00 per 100g, https://productimages.coles.com.au/productimages/3/3467447.jpg
Real Gum Plastic Free Chewing Gum Fruity Fresh | 22g, $2.00, $9.09 per 100g, https://productimages.coles.com.au/productimages/4/4969156.jpg
Coles Bakery Stone Baked Mini Wholemeal Petit Pane Di Casa | 1 each, $2.50, $2.50 per 1ea, https://productimages.coles.com.au/productimages/3/3384907.jpg
Coles Rapid Tablets Ibuprofen | 24pack, $4.50, $0.19 per 1ea, https://productimages.coles.com.au/productimages/2/2843292.jpg
Coles Kitchen Chicken Noodle Soup | 300g, $3.00, $1.00 per 100g, https://productimages.coles.com.au/productimages/3/3467414.jpg
Arnott's Iced VoVo Biscuits | 210g, $3.00, $1.43 per 100g, https://productimages.coles.com.au/productimages/1/155732.jpg
Doritos Original Corn Chips | 380g, $6.00, $1.58 per 100g, https://productimages.coles.com.au/productimages/4/4382634.jpg
Sakata Chicken Rice Crackers | 100g, $2.30, $2.30 per 100g, https://productimages.coles.com.au/productimages/9/9610634.jpg
McKenzie's 12 Blend Soup Mix | 375g, $2.30, $0.61 per 100g, https://productimages.coles.com.au/productimages/3/3188658.jpg
Crisco Canola Oil | 2L, $9.00, $0.45 per 100mL, https://productimages.coles.com.au/productimages/7/76534.jpg
Praise Traditional 99% Fat Free Mayo | 555g, $4.00, $0.72 per 100g, https://productimages.coles.com.au/productimages/8/8734799.jpg
Golden Circle  Fruit Cup Cordial with Pineapple Lemon Orange Passionfruit | 2L, $3.90, $1.95 per 1L, https://productimages.coles.com.au/productimages/2/219245.jpg
Heritage Mill Clusters Almond & Cinnamon Ltd Edition | 750g, $5.00, $0.67 per 100g, https://productimages.coles.com.au/productimages/5/5284765.jpg
Gravox Traditional Liquid Gravy Pouch | 165g, $2.80, $1.70 per 100g, https://productimages.coles.com.au/productimages/4/4999805.jpg
Cadbury Baking Dark Chocolate Melts | 225g, $3.50, $1.56 per 100g, https://productimages.coles.com.au/productimages/2/2313641.jpg
Bega Dairylea Cheddar Cheese Block | 500g, $7.90, $15.80 per 1kg, https://productimages.coles.com.au/productimages/1/130775.jpg
Oxo Chicken Stock Cubes | 71g, $2.30, $0.32 per 10g, https://productimages.coles.com.au/productimages/2/246102.jpg
Dari's Chicken Noodle Soup | 550g, $6.85, $1.25 per 100g, https://productimages.coles.com.au/productimages/1/1196611.jpg
Nescafe Hazelnut Latte Coffee Sachets | 10 pack, $7.60, $0.76 per 1ea, https://productimages.coles.com.au/productimages/4/4491550.jpg
Leggos Tuna Bake Pasta Sauce | 500g, $4.00, $0.80 per 100g, https://productimages.coles.com.au/productimages/2/2683833.jpg
Nestle Milo Chocolate Malt Powder Drink Hot Or Cold | 1kg, $15.50, $1.55 per 100g, https://productimages.coles.com.au/productimages/3/3854396.jpg
Vegemite Spread | 220g, $3.80, $1.73 per 100g, https://productimages.coles.com.au/productimages/6/6032906.jpg
Continental Cup A Soup Italian Minestrone Serves 2 | 75g, $1.40, $1.87 per 100g, https://productimages.coles.com.au/productimages/5/5342920.jpg
Tip Top Spicy Fruit English Muffins | 6 pack, $6.00, $1.00 per 1ea, https://productimages.coles.com.au/productimages/9/9795915.jpg
Campbell's Real Stock Vegetable Stock Salt Reduced | 1L, $4.50, $0.45 per 100mL, https://productimages.coles.com.au/productimages/9/9209229.jpg
Vegemite Spread | 560g, $9.00, $1.61 per 100g, https://productimages.coles.com.au/productimages/6/6027622.jpg
Coles BAGEL SESAME 4 PACK | 360g, $2.50, $0.69 per 100g, https://productimages.coles.com.au/productimages/3/3362970.jpg
Vegemite Spread | 380g, $7.00, $1.84 per 100g, https://productimages.coles.com.au/productimages/5/5998852.jpg
Coles Cafe Style Raisin Toast | 650g, $3.70, $0.57 per 100g, https://productimages.coles.com.au/productimages/2/2715816.jpg
Bonne Maman Raspberry Jam | 370g, $6.70, $1.81 per 100g, https://productimages.coles.com.au/productimages/8/8558164.jpg
Jim Beam White & Cola Can 375mL | 6 Pack, $27.00, $12.00 per 1L, https://productimages.coles.com.au/productimages/6/6688759.jpg
Nestle Milo Chocolate Malt Powder Drink | 200g, $5.00, $2.50 per 100g, https://productimages.coles.com.au/productimages/6/6414618.jpg
Nescafe Caramel Latte Coffee Sachets | 10 pack, $7.60, $0.76 per 1ea, https://productimages.coles.com.au/productimages/4/4461854.jpg
Campbell's Condensed Soup Can Cream Of Mushroom | 420g, $2.20, $0.52 per 100g, https://productimages.coles.com.au/productimages/1/128966.jpg
Dari's Classic Pumpkin Soup | 550g, $6.85, $1.25 per 100g, https://productimages.coles.com.au/productimages/7/7895078.jpg
Canadian Club Dry Can 375mL | 6 Pack, $27.00, $12.00 per 1L, https://productimages.coles.com.au/productimages/6/6372857.jpg
-196 Double Lemon & Vodka Can 330ml | 10 Pack, $49.00, $14.85 per 1L, https://productimages.coles.com.au/productimages/4/4419745.jpg
Quilton Gold 4ply Facial Tissues Aloe Vera | 100 pack, $2.50, $2.50 per 100ea, https://productimages.coles.com.au/productimages/5/5080936.jpg
Kleenex Eucalyptus 3 Ply Facial Tissues | 95 pack, $2.60, $2.74 per 100ea, https://productimages.coles.com.au/productimages/1/1281572.jpg
Vegemite Spread | 150g, $3.80, $2.53 per 100g, https://productimages.coles.com.au/productimages/6/6032961.jpg
Bega Peanut Butter Crunchy | 780g, $6.50, $0.83 per 100g, https://productimages.coles.com.au/productimages/1/133820.jpg
Dari's Hearty Vegetable Soup | 550g, $6.85, $1.25 per 100g, https://productimages.coles.com.au/productimages/7/7895067.jpg
Coles Bakery Stone Baked White Sourdough Vienna | 1 each, $4.00, $4.00 per 1ea, https://productimages.coles.com.au/productimages/8/8162200.jpg
Coles High Fibre Multigrain Bread | 700g, $3.50, $0.50 per 100g, https://productimages.coles.com.au/productimages/4/4938312.jpg
Coles Boneless Pork Shoulder Roast | approx 2.6kg, $23.40, $9.00 per 1kg, https://productimages.coles.com.au/productimages/9/9413881.jpg
Coles Bakery Chocolate Chip Cookies | 12 pack, $3.50, $0.29 per 1ea, https://productimages.coles.com.au/productimages/8/8921210.jpg
Coles High Fibre White Sandwich Bread | 700g, $3.50, $0.50 per 100g, https://productimages.coles.com.au/productimages/4/4938243.jpg
Coles Rolled Oats Value Pack | 1.8 kg, $3.10, $0.17 per 100g, https://productimages.coles.com.au/productimages/4/4972693.jpg
Coles Bakery High Fibre Low Gi 7 Seeds & Grains Toast Bread Loaf | 800g, $3.70, $0.46 per 100g, https://productimages.coles.com.au/productimages/8/8119754.jpg
Coles Bakery Super Soft Hot Dog Rolls | 6 pack, $2.50, $0.42 per 1ea, https://productimages.coles.com.au/productimages/5/5126797.jpg
Coles Wholemeal & Grain Soft Wraps 8 Pack | 360g, $2.50, $0.69 per 100g, https://productimages.coles.com.au/productimages/3/3731716.jpg
Coles Double Chocolate Mini Muffins | 9 pack, $4.70, $0.52 per 1ea, https://productimages.coles.com.au/productimages/4/4226606.jpg
Coles Bakery High Fibre Low Gi 7 Seeds & Grains Sandwich Bread Loaf | 800g, $3.70, $0.46 per 100g, https://productimages.coles.com.au/productimages/8/8858940.jpg
Coles Bakery BBQ Cheese And Bacon Pizza Roll | 2 pack, $3.40, $1.70 per 1ea, https://productimages.coles.com.au/productimages/3/3624283.jpg
Coles Bakery Anzac Biscuits | 12 pack, $3.50, $0.29 per 1ea, https://productimages.coles.com.au/productimages/9/9155538.jpg
Coles Bakery Super Soft Jumbo Round Rolls | 6 pack, $3.00, $0.50 per 1ea, https://productimages.coles.com.au/productimages/3/3301681.jpg
Dari's Chunky Minestrone Soup | 550g, $6.85, $1.25 per 100g, https://productimages.coles.com.au/productimages/5/5063824.jpg
Coles Cinnamon Donuts | 12 pack, $3.50, $0.29 per 1ea, https://productimages.coles.com.au/productimages/8/8836824.jpg
Coles Bakery White Vienna | 1 each, $3.00, $3.00 per 1ea, https://productimages.coles.com.au/productimages/6/6238038.jpg
Lurpak Spreadable Slightly Salted | 400g, $7.50, $1.88 per 100g, https://productimages.coles.com.au/productimages/5/5376659.jpg
Coles White Dinner Rolls | 6 pack, $2.60, $0.43 per 1ea, https://productimages.coles.com.au/productimages/1/1597180.jpg
Yumi's Classic Middle Eastern Hommus Dip | 200g, $4.50, $2.25 per 100g, https://productimages.coles.com.au/productimages/8/8670914.jpg
Ice Break Extra Shot Real Coffee | 500mL, $2.90, $5.80 per 1L, https://productimages.coles.com.au/productimages/8/8224511.jpg
Coles Bakery Multigrain Toast Loaf | 680g, $2.70, $0.40 per 100g, https://productimages.coles.com.au/productimages/8/8105782.jpg
Coles Soft Multigrain Sandwich Loaf | 650g, $2.70, $0.42 per 100g, https://productimages.coles.com.au/productimages/3/3378314.jpg
St Dalfour Strawberry Spread | 284g, $3.45, $1.21 per 100g, https://productimages.coles.com.au/productimages/5/5704372.jpg
Big M Original Chocolate Flavoured Milk | 2L, $5.00, $2.50 per 1L, https://productimages.coles.com.au/productimages/5/5018070.jpg
Nuttelex Original Spread | 500g, $4.70, $0.94 per 100g, https://productimages.coles.com.au/productimages/2/209161.jpg
Wholemeal Sandwich Loaf | 680g, $2.70, $0.40 per 100g, https://productimages.coles.com.au/productimages/8/8145620.jpg
M&M's Cookies 8 pack | 200g, $3.50, $1.75 per 100g, https://productimages.coles.com.au/productimages/9/9880311.jpg
Coles Bakery BBQ Cheese And Bacon Tear & Share | 1 each, $4.50, $4.50 per 1ea, https://productimages.coles.com.au/productimages/3/3624308.jpg
Coles Bakery Rustic Baguette | 1 each, $2.50, $2.50 per 1ea, https://productimages.coles.com.au/productimages/7/7299810.jpg
Coles Croissants 12 Pack | 900g, $11.00, $1.22 per 100g, https://productimages.coles.com.au/productimages/2/2067341.jpg
Pace Farm Natural Living Free Range Large Eggs 12 pack | 600g, $6.90, $1.15 per 100g, https://productimages.coles.com.au/productimages/4/4932940.jpg
Kleenex Soft & Thick 2 Ply Facial Tissues | 120 pack, $3.80, $3.17 per 100ea, https://productimages.coles.com.au/productimages/5/5118857.jpg
Coles Bakery Hawaiian Pizza Roll | 2 pack, $3.40, $1.70 per 1ea, https://productimages.coles.com.au/productimages/2/2724920.jpg
Coles Bakery Cinnamon Donuts | 6 pack, $2.80, $0.47 per 1ea, https://productimages.coles.com.au/productimages/4/4770699.jpg
Billson's Fruit Tangle Vodka Mixed Drink Can 355mL | 4 Pack, $28.00, $19.72 per 1L, https://productimages.coles.com.au/productimages/4/4952197.jpg
Coles Brioche Rolls 8 Pack | 280g, $4.80, $1.71 per 100g, https://productimages.coles.com.au/productimages/3/3755463.jpg
Mission Original Wraps 8 pack | 567g, $5.50, $0.97 per 100g, https://productimages.coles.com.au/productimages/6/6955662.jpg
Yakult Fermented Light Probiotic Milk 5 Pack | 65mL, $4.00, $12.31 per 1L, https://productimages.coles.com.au/productimages/5/5543105.jpg
Coles Bakery Lamington Fingers 18 pack | 350g, $3.40, $0.97 per 100g, https://productimages.coles.com.au/productimages/7/7545928.jpg
Yoplait Petit Miam Blueberry Yoghurt Squeezie Pouch | 70g, $0.80, $1.14 per 100g, https://productimages.coles.com.au/productimages/8/8126057.jpg
Coles Bakery High Fibre Low Gi White Sandwich Loaf | 680g, $3.70, $0.54 per 100g, https://productimages.coles.com.au/productimages/2/2390697.jpg
Coles New York Style Baked Cheesecake Slice 2 Pack | 220g, $5.50, $2.50 per 100g, https://productimages.coles.com.au/productimages/2/2108981.jpg
Pura Full Cream Milk | 1L, $2.70, $2.70 per 1L, https://productimages.coles.com.au/productimages/3/3647722.jpg
Pauls Smarter White Milk | 2L, $4.75, $2.38 per 1L, https://productimages.coles.com.au/productimages/9/9411784.jpg
Pauls Farmhouse Gold Cream On Top Milk | 1.5L, $3.90, $2.60 per 1L, https://productimages.coles.com.au/productimages/2/2917967.jpg
Coles Dairy Shredded Parmesan Cheese | 250g, $6.50, $26.00 per 1kg, https://productimages.coles.com.au/productimages/5/5726014.jpg
A2 Lactose Free Full Cream Milk | 2L, $6.80, $3.40 per 1L, https://productimages.coles.com.au/productimages/5/5458210.jpg
Coles Blueberry Mini Muffins | 9 pack, $4.70, $0.52 per 1ea, https://productimages.coles.com.au/productimages/2/2409300.jpg
Coles Bakery Damper Inspired Rolls | 6 pack, $2.50, $0.42 per 1ea, https://productimages.coles.com.au/productimages/7/7502073.jpg
Coles Bakery Spinach And Herb Flatbread | 5 pack, $4.00, $0.80 per 1ea, https://productimages.coles.com.au/productimages/4/4754433.jpg
Coles Bakery High Fibre Low Gi White Toast Loaf | 680g, $3.70, $0.54 per 100g, https://productimages.coles.com.au/productimages/2/2390744.jpg
Coles Bakery White Crusty Jumbo Rolls | 6 pack, $3.00, $0.50 per 1ea, https://productimages.coles.com.au/productimages/3/3301692.jpg
Primo Gluten Free Thinly Sliced Danish Mild Salami | 80g, $3.70, $46.25 per 1kg, https://productimages.coles.com.au/productimages/2/2807856.jpg
Coles Bakery Super Soft Hot Dog Jumbo Rolls | 6 pack, $3.00, $0.50 per 1ea, https://productimages.coles.com.au/productimages/3/3301706.jpg
Chobani Greek Yogurt Natural Light | 907g, $7.90, $0.87 per 100g, https://productimages.coles.com.au/productimages/1/1435100.jpg
Coles Australian Smokey Individually Wrapped Slices 12 Pack | 250g, $3.70, $14.80 per 1kg, https://productimages.coles.com.au/productimages/1/1980491.jpg
Pauls Rev Low Fat Milk | 2L, $5.30, $2.65 per 1L, https://productimages.coles.com.au/productimages/4/425043.jpg
Bertocchi Regular Mortadella | approx 100g, $1.15, $11.50 per 1kg, https://productimages.coles.com.au/productimages/9/9777094.jpg
Coles Cheese & Bacon Rolls | 4 pack, $4.50, $1.13 per 1ea, https://productimages.coles.com.au/productimages/6/6743245.jpg
Coles Bakery Hawaiian Tear & Share | 1 each, $4.50, $4.50 per 1ea, https://productimages.coles.com.au/productimages/2/2792704.jpg
Thomson's Deli Short Cut Bacon | 1.25kg, $12.80, $10.24 per 1kg, https://productimages.coles.com.au/productimages/3/3930439.jpg
Farmers Union Regular Greek Yoghurt 4 pack | 640g, $5.50, $0.86 per 100g, https://productimages.coles.com.au/productimages/1/1870573.jpg
Western Star Chef's Choice Unsalted Cultured Butter | 500g, $7.50, $1.50 per 100g, https://productimages.coles.com.au/productimages/9/93760.jpg
Don Double Smoked Leg Ham | 200g, $6.40, $32.00 per 1kg, https://productimages.coles.com.au/productimages/6/6284545.jpg
Coles Brioche Hot Dog Roll 6 Pack | 270g, $3.80, $1.41 per 100g, https://productimages.coles.com.au/productimages/3/3757120.jpg
Don Dairy Strasburg Knob | 500g, $7.30, $14.60 per 1kg, https://productimages.coles.com.au/productimages/5/5249527.jpg
Coles Bakery Crusty Round Rolls | 6 pack, $2.50, $0.42 per 1ea, https://productimages.coles.com.au/productimages/6/6240721.jpg
Pauls Zymil Low Fat Milk | 2L, $6.60, $3.30 per 1L, https://productimages.coles.com.au/productimages/1/1902465.jpg
Don Cocktail Franks Skinless | 600g, $7.80, $13.00 per 1kg, https://productimages.coles.com.au/productimages/1/1500290.jpg
Coles High Fibre White Toast Bread | 700g, $3.50, $0.50 per 100g, https://productimages.coles.com.au/productimages/8/8104382.jpg
Don Pepperoni Salami | approx 100g, $3.30, $33.00 per 1kg, https://productimages.coles.com.au/productimages/5/5515813.jpg
Bertocchi Short Rindless Bacon | 400g, $8.00, $20.00 per 1kg, https://productimages.coles.com.au/productimages/3/3277463.jpg
Primo Deli Pork Roast | approx 100g, $2.75, $27.50 per 1kg, https://productimages.coles.com.au/productimages/9/9860267.jpg
Pauls Physical Reduced Fat Hi Calcium Milk | 2L, $5.80, $2.90 per 1L, https://productimages.coles.com.au/productimages/4/4985.jpg
Primo Danish Salami | approx 100g, $3.50, $35.00 per 1kg, https://productimages.coles.com.au/productimages/5/5079755.jpg
Vaalia Kids Strawberry Yoghurt Pouch | 140g, $2.40, $1.71 per 100g, https://productimages.coles.com.au/productimages/7/7246880.jpg
Coles Shredded Roast Chicken Breast | 150g, $6.00, $40.00 per 1kg, https://productimages.coles.com.au/productimages/3/3081290.jpg
Lurpak Slightly Salted Spreadable Tub | 250g, $4.80, $1.92 per 100g, https://productimages.coles.com.au/productimages/5/5393910.jpg
Coles Dairy Shredded Tasty Cheese | 250g, $5.00, $20.00 per 1kg, https://productimages.coles.com.au/productimages/5/5432830.jpg
Coles Deli RSPCA Approved Chicken Crumbed Schnitzel | 1 each, $2.50, $2.50 per 1ea, https://productimages.coles.com.au/productimages/9/9681767.jpg
Thomson's Deli Mild Hungarian Salami | 320g, $6.60, $20.63 per 1kg, https://productimages.coles.com.au/productimages/3/3930461.jpg
Coles Deli Thawed Cooked Vannamei Prawns | approx 250g, $5.00, $20.00 per 1kg, https://productimages.coles.com.au/productimages/4/4273050.jpg
Don Honey Leg Ham | 200g, $6.40, $32.00 per 1kg, https://productimages.coles.com.au/productimages/6/6284603.jpg
Big M Original Chocolate Flavoured Milk | 600mL, $3.40, $5.67 per 1L, https://productimages.coles.com.au/productimages/3/3034246.jpg
Coles Australian Made Thin Sliced Streaky Bacon | 200g, $6.70, $33.50 per 1kg, https://productimages.coles.com.au/productimages/3/3830037.jpg
Coles Full Cream Milk | 600mL, $1.30, $2.17 per 1L, https://productimages.coles.com.au/productimages/6/6759482.jpg
Don Skinless Cocktail Frankfurt's | approx 50g, $0.55, $11.00 per 1kg, https://productimages.coles.com.au/productimages/5/5186449.jpg
La Casa Del Formaggio Traditional Ricotta | approx 100g, $1.06, $10.60 per 1kg, https://productimages.coles.com.au/productimages/3/3218395.jpg
Coles Dairy Cheese Slices Processed Lite 24 Pack | 500g, $5.00, $10.00 per 1kg, https://productimages.coles.com.au/productimages/5/5164639.jpg
Coles Dairy Tasty Cheese Block | 500g, $8.00, $16.00 per 1kg, https://productimages.coles.com.au/productimages/2/293995.jpg
Coles Hot Roast Beef | 1 each, $15.00, $15.00 per 1ea, https://productimages.coles.com.au/productimages/3/3839020.jpg
Western Star Original Salted Butter Pat | 500g, $7.50, $1.50 per 100g, https://productimages.coles.com.au/productimages/2/210604.jpg
Bega Strong & Bitey Natural Vintage Slices | 500g, $10.50, $21.00 per 1kg, https://productimages.coles.com.au/productimages/4/4413658.jpg
Gerry Pittes Souvlaki Pizza Pita Bread | 450g, $3.80, $0.84 per 100g, https://productimages.coles.com.au/productimages/4/485602.jpg
Coles Cheddar Cheese Block | 1kg, $11.00, $11.00 per 1kg, https://productimages.coles.com.au/productimages/2/2071305.jpg
Thomson's Deli Middle Bacon | 250g, $4.00, $16.00 per 1kg, https://productimages.coles.com.au/productimages/1/1026702.jpg
Coles Spread Regular | 1kg, $3.50, $0.35 per 100g, https://productimages.coles.com.au/productimages/5/5428639.jpg
Coles Deli Thawed Barramundi Fillets | approx 350g, $5.95, $17.00 per 1kg, https://productimages.coles.com.au/productimages/9/9586449.jpg
Coles Swiss Style Cheese Slices | 200g, $5.00, $25.00 per 1kg, https://productimages.coles.com.au/productimages/1/1462544.jpg
Primo Deli Cocktail Frankfurts | approx 50g, $0.45, $9.00 per 1kg, https://productimages.coles.com.au/productimages/4/499618.jpg
Primo Cheese Kransky | 1 each, $2.70, $2.70 per 1ea, https://productimages.coles.com.au/productimages/2/2090310.jpg
Coles Sliced Peri Peri Roast Chicken Breast | 150g, $6.00, $40.00 per 1kg, https://productimages.coles.com.au/productimages/1/1962117.jpg
Coles Deli Thawed Australian Cooked Black Tiger Prawns Extra Large | approx 250g, $9.00, $36.00 per 1kg, https://productimages.coles.com.au/productimages/2/2686693.jpg
Creative Gourmet Frozen Mango Chunks | 750g, $8.00, $1.07 per 100g, https://productimages.coles.com.au/productimages/3/3573116.jpg
Natural  Wafer Crackers | 100g, $3.50, $3.50 per 100g, https://productimages.coles.com.au/productimages/2/2449676.jpg
Coles Sweet Chilli Chicken Tenders | 400g, $4.40, $11.00 per 1kg, https://productimages.coles.com.au/productimages/5/5293314.jpg
Coles Deli Thawed Cooked Peeled Prawn Cutlets | approx 250g, $7.25, $29.00 per 1kg, https://productimages.coles.com.au/productimages/2/2210208.jpg
Gotzinger Cheese Kransky | 400g, $10.00, $25.00 per 1kg, https://productimages.coles.com.au/productimages/1/1960086.jpg
Hans American Hot Dog Franks | 375g, $4.90, $13.07 per 1kg, https://productimages.coles.com.au/productimages/5/5738556.jpg
Coles Deli Thawed MSC Raw Lobster Tails | 1 each, $9.00, $9.00 per 1ea, https://productimages.coles.com.au/productimages/3/3763596.jpg
Hanabi Frozen Surimi Fried Fish Balls | 500g, $5.30, $10.60 per 1kg, https://productimages.coles.com.au/productimages/2/2143417.jpg
Primo Pepperoni Hot Salami | 80g, $3.70, $46.25 per 1kg, https://productimages.coles.com.au/productimages/2/2808735.jpg
Hong Kong Dim Sim BBQ Pork Buns | 300g, $8.00, $2.67 per 100g, https://productimages.coles.com.au/productimages/4/4406685.jpg
Coles Vanilla Ice Cream Cones | 475mL, $3.90, $0.82 per 100mL, https://productimages.coles.com.au/productimages/8/8559575.jpg
Connoisseur Ice Cream Cookies & Cream | 1L, $12.00, $1.20 per 100mL, https://productimages.coles.com.au/productimages/5/5832850.jpg
Hans Hot Twiggy Sticks | approx 100g, $3.35, $33.50 per 1kg, https://productimages.coles.com.au/productimages/2/2072997.jpg
Crops Frozen Berry Mix | 1kg, $10.00, $1.00 per 100g, https://productimages.coles.com.au/productimages/5/5778120.jpg
Earth Choice Laundry Liquid | 1L, $3.00, $3.00 per 1L, https://productimages.coles.com.au/productimages/5/5417381.jpg
Coles Deli Express Mild Hungarian Sliced Salami | 150g, $7.00, $46.67 per 1kg, https://productimages.coles.com.au/productimages/3/3913087.jpg
King Of Kings Sesame Prawn Toast | 324g, $9.30, $2.87 per 100g, https://productimages.coles.com.au/productimages/4/4317213.jpg
Magnum Ice Cream Classic 4Pack | 428mL, $10.50, $2.45 per 100mL, https://productimages.coles.com.au/productimages/6/6893736.jpg
Bulla Creamy Classic Sandwichs Cookies & Cream | 560mL, $9.00, $9.00 per each, https://productimages.coles.com.au/productimages/5/5854386.jpg
Herbert Adams Frozen Gourmet King Island Beef In Rich Gravy Pie  2 pack | 420g, $9.00, $2.14 per 100g, https://productimages.coles.com.au/productimages/5/5043485.jpg
Primo Thin Frankfurts | approx 100g, $0.90, $9.00 per 1kg, https://productimages.coles.com.au/productimages/7/7312850.jpg
Birds Eye Deli Golden Ale Chips | 600g, $4.80, $8.00 per 1kg, https://productimages.coles.com.au/productimages/3/3192553.jpg
OMO Comfort Front & Top Loader Laundry Liquid | 2L, $26.00, $13.00 per 1L, https://productimages.coles.com.au/productimages/2/2900534.jpg
Primo Short Cut Bacon | 1 kg, $10.00, $10.00 per 1kg, https://productimages.coles.com.au/productimages/3/3055519.jpg
Kawan Plain Paratha | 1.2kg, $9.00, $0.75 per 100g, https://productimages.coles.com.au/productimages/3/3783673.jpg
Kleenex Complete Clean Toilet Paper | 1 pack, $9.00, $0.56 per 100ea, https://productimages.coles.com.au/productimages/3/3064076.jpg
Birds Eye Steam Fresh Vegetables Value Carrot Broccoli & Corn | 750g, $5.50, $7.33 per 1kg, https://productimages.coles.com.au/productimages/2/2741011.jpg
McCain Frozen Peas | 500g, $3.30, $6.60 per 1kg, https://productimages.coles.com.au/productimages/3/338856.jpg
Cuddly Sunshine Fresh Fabric Conditioner | 1L, $7.00, $7.00 per 1L, https://productimages.coles.com.au/productimages/7/7319306.jpg
Peters Gluten Free Original Vanilla Ice Cream Tub | 2L, $5.50, $0.28 per 100mL, https://productimages.coles.com.au/productimages/2/239785.jpg
Primo Gluten Free Cheese Kransky | 250g, $4.50, $18.00 per 1kg, https://productimages.coles.com.au/productimages/2/2807460.jpg
Auricchio Grana Padano Grated Cheese | approx100g, $4.70, $47.00 per 1kg, https://productimages.coles.com.au/productimages/3/3233446.jpg
Borg's Gozleme Lamb & Spinach | 300g, $6.00, $2.00 per 100g, https://productimages.coles.com.au/productimages/3/3842681.jpg
I&J Original Crumbed Fish Fillets | 425g, $6.50, $15.29 per 1kg, https://productimages.coles.com.au/productimages/5/5489597.jpg
Sara Lee Frozen  Strawberry Cheesecake | 410g, $8.50, $2.07 per 100g, https://productimages.coles.com.au/productimages/6/6125891.jpg
Don Mild Hungarian Salami | 160g, $6.40, $40.00 per 1kg, https://productimages.coles.com.au/productimages/6/6284589.jpg
Mr Chen's Prawn Hargow | 700g, $16.00, $2.29 per 100g, https://productimages.coles.com.au/productimages/5/5288100.jpg
Bulla Splits Multi Flavoured Ice Cream Sticks 10 pack | 750mL, $8.00, $1.07 per 100mL, https://productimages.coles.com.au/productimages/5/5892294.jpg
Borg's Feta & Spinach Gozleme | 300g, $6.00, $2.00 per 100g, https://productimages.coles.com.au/productimages/3/3842003.jpg
Coles Vanilla Ice Cream Tub | 2L, $4.50, $0.23 per 100mL, https://productimages.coles.com.au/productimages/2/207971.jpg
Glad Cling Wrap 60m x 33cm | 60m, $5.25, $0.09 per 1M, https://productimages.coles.com.au/productimages/2/297792.jpg
Primo Silverside | 80g, $3.70, $46.25 per 1kg, https://productimages.coles.com.au/productimages/3/3270963.jpg
Coles Snap Frozen Peas & Corn | 500g, $3.00, $6.00 per 1kg, https://productimages.coles.com.au/productimages/9/9727788.jpg
Mrs Mac's Microwaveable Beef Pastie | 165g, $3.20, $1.94 per 100g, https://productimages.coles.com.au/productimages/5/5117311.jpg
Inghams Sweet Chilli Tenders | 400g, $5.50, $13.75 per 1kg, https://productimages.coles.com.au/productimages/4/4314973.jpg
Viva Select-A-Size Paper Towels | 3 pack, $5.50, $2.04 per 100ea, https://productimages.coles.com.au/productimages/3/3823600.jpg
McCain Frozen Peas Corn & Carrots | 500g, $4.00, $8.00 per 1kg, https://productimages.coles.com.au/productimages/5/5394650.jpg
Drumstick Boysenberry Ice Cream 4 pack | 475mL, $6.50, $1.37 per 100mL, https://productimages.coles.com.au/productimages/9/9360854.jpg
Kleenex Everyday 2 Ply Facial Tissues Cube | 85 pack, $3.00, $3.53 per 100ea, https://productimages.coles.com.au/productimages/3/3470576.jpg
Primo Original Twiggy Sticks | 200g, $7.40, $37.00 per 1kg, https://productimages.coles.com.au/productimages/6/6996841.jpg
Coles Pesto Pasta & Fetta | 375g, $4.00, $1.07 per 100g, https://productimages.coles.com.au/productimages/3/3480398.jpg
Birds Eye Snap Frozen Corn Kernels | 1kg, $6.00, $6.00 per 1kg, https://productimages.coles.com.au/productimages/5/5179454.jpg
Coles Cling Wrap Super Stretch | 30 metre, $2.00, $0.07 per 1M, https://productimages.coles.com.au/productimages/4/4486040.jpg
Coles Frozen Beef Lasagne Pasta | 400g, $3.00, $0.75 per 100g, https://productimages.coles.com.au/productimages/5/5613663.jpg
Coles Meals Satay Chicken | 375g, $4.00, $1.07 per 100g, https://productimages.coles.com.au/productimages/1/1307359.jpg
Primo Classic Chorizo 2 Pack | 250g, $7.30, $29.20 per 1kg, https://productimages.coles.com.au/productimages/6/6998745.jpg
Coles Deli Express Green Olives & Danish Fetta | 120g, $3.50, $29.17 per 1kg, https://productimages.coles.com.au/productimages/3/3209714.jpg
Coles Frozen Green Mixed Vegetables | 1kg, $5.00, $5.00 per 1kg, https://productimages.coles.com.au/productimages/8/8977644.jpg
Coles Deli Rspca Approved Chicken Wings | approx 120g, $0.84, $7.00 per 1kg, https://productimages.coles.com.au/productimages/2/2272715.jpg
Multix Greener Brown Baking Paper 15m x 30cm | 15m, $4.00, $0.27 per 1M, https://productimages.coles.com.au/productimages/3/3026190.jpg
Coles Deli Fresh Salmon Fins | approx 250g, $3.75, $15.00 per 1kg, https://productimages.coles.com.au/productimages/4/4746694.jpg
Coles Multi Purpose Cellulose Sponges | 5 pack, $1.60, $0.32 per 1ea, https://productimages.coles.com.au/productimages/4/4509815.jpg
Coles So Soft 2 Ply Toilet Tissue | 18 pack, $9.00, $0.19 per 100ea, https://productimages.coles.com.au/productimages/2/2572377.jpg
Magnum Ice Cream Mini Almond 6Pack | 360mL, $10.50, $2.92 per 100mL, https://productimages.coles.com.au/productimages/9/9091672.jpg
Dear Friend Mochi Tokyo | 240g, $12.00, $5.00 per 100g, https://productimages.coles.com.au/productimages/6/6281864.jpg
Primo Streaky Rindless Bacon | 200g, $6.20, $31.00 per 1kg, https://productimages.coles.com.au/productimages/3/3055494.jpg
Coles Cling Wrap Super Stretch | 60 metre, $3.50, $0.06 per 1M, https://productimages.coles.com.au/productimages/4/4486163.jpg
King Of Kings Roasted BBQ Pork Bun | 380g, $9.30, $2.45 per 100g, https://productimages.coles.com.au/productimages/4/4317224.jpg
McCain Frozen Meat Lovers Pizza Slices 6 pack | 600g, $7.00, $1.17 per 100g, https://productimages.coles.com.au/productimages/8/8544793.jpg
Organic Choice Lemongrass & Green Tea Dishwashing Liquid | 500mL, $5.50, $1.10 per 100mL, https://productimages.coles.com.au/productimages/2/2658960.jpg
Deli Express Ivans Quiche Lorraine | 180g, $5.40, $3.00 per 100g, https://productimages.coles.com.au/productimages/3/3075083.jpg
Hanabi Frozen Surimi Fish Balls | 500g, $5.30, $10.60 per 1kg, https://productimages.coles.com.au/productimages/2/2143406.jpg
Don Shredded Ham | approx 100g, $2.00, $20.00 per 1kg, https://productimages.coles.com.au/productimages/3/3087355.jpg
Birds Eye Golden Crunch Straight Cut Chips | 900g, $5.00, $5.56 per 1kg, https://productimages.coles.com.au/productimages/5/5052511.jpg
Bulla Creamy Classics Triple Choc Cone 4Pk | 520mL, $9.00, $1.73 per 100mL, https://productimages.coles.com.au/productimages/5/5487853.jpg
Cold Power Clean & Fresh Advanced Laundry Liquid | 1.8L, $10.50, $5.83 per 1L, https://productimages.coles.com.au/productimages/3/3774526.jpg
OMO Sensitive Top & Front Loader Laundry Detergent Washing Powder | 2kg, $26.00, $13.00 per 1kg, https://productimages.coles.com.au/productimages/2/2731776.jpg
Dettol Multipurpose Wipes Lemon | 110 pack, $12.00, $10.91 per 100ea, https://productimages.coles.com.au/productimages/6/6383285.jpg
Earth Choice Eucalyptus Fresh Wool & Delicates Washing Liquid | 1L, $2.60, $2.60 per 1L, https://productimages.coles.com.au/productimages/5/5417370.jpg
Four'N Twenty Frozen Beef & Cheese Pies 4 pack | 700g, $8.50, $1.21 per 100g, https://productimages.coles.com.au/productimages/4/4541272.jpg
Jif Cream Cleanser Lemon | 500mL, $4.00, $0.80 per 100mL, https://productimages.coles.com.au/productimages/3/3739208.jpg
Birds Eye Snap Frozen Carrot Peas & Corn | 1 kg, $6.50, $6.50 per 1kg, https://productimages.coles.com.au/productimages/5/5072778.jpg
Bulla Murray St Caramel Maple Macadamia Ice Cream Sticks 4 pack | 400mL, $7.00, $1.75 per 100mL, https://productimages.coles.com.au/productimages/3/3697040.jpg
Primo Red Gum Honey Leg Ham | approx 100g, $2.60, $26.00 per 1kg, https://productimages.coles.com.au/productimages/4/4222343.jpg
Glad To Be Green Compostable Kitchen Liners Mini | 25 pack, $3.50, $0.14 per 1ea, https://productimages.coles.com.au/productimages/3/3779326.jpg
McCain Superfries Frozen Potato Chips Shoestring | 900g, $4.50, $5.00 per 1kg, https://productimages.coles.com.au/productimages/4/476022.jpg
Coles Stainless Steel Scourers | 3 pack, $0.90, $0.30 per 1ea, https://productimages.coles.com.au/productimages/3/3056282.jpg
Frank's Original Redhot Sauce | 148mL, $3.80, $2.57 per 100mL, https://productimages.coles.com.au/productimages/1/1957139.jpg
Sorbent Toilet Tissue Silky White | 24 pack, $13.00, $0.30 per 100ea, https://productimages.coles.com.au/productimages/8/8799998.jpg
Coles Wrap Foil | 30 metre, $4.60, $0.15 per 1M, https://productimages.coles.com.au/productimages/5/5896670.jpg
Coles Baking Paper | 30 metre, $6.60, $0.22 per 1M, https://productimages.coles.com.au/productimages/3/3934495.jpg
Coles Kitchen Tidy Bag Medium | 30 pack, $2.50, $0.08 per 1ea, https://productimages.coles.com.au/productimages/6/6428827.jpg
MasterChef Non-stick Roaster with Rack | 1 each, $100.00, $100.00 per 1ea, https://productimages.coles.com.au/productimages/5/5850567.jpg
Birds Eye Frozen Deli New Zealand Whiting Crisp Light Batter Fillets 5 Pack | 250g, $8.00, $32.00 per 1kg, https://productimages.coles.com.au/productimages/3/3264010.jpg
Hercules Clickzip Sandwich Bags 18cm x 16.5cm | 40 pack, $2.35, $0.06 per 1ea, https://productimages.coles.com.au/productimages/8/8687837.jpg
Coles Heavy Duty Scourer Foam Sponge | 3 pack, $2.00, $0.67 per 1ea, https://productimages.coles.com.au/productimages/9/9872302.jpg
OMO Laundry Liquid Front & Top Ultimate  | 2L, $14.50, $7.25 per 1L, https://productimages.coles.com.au/productimages/5/5004891.jpg
Vanish Preen Pre Wash Oxyaction Stain Remover | 375mL, $7.00, $18.67 per 1L, https://productimages.coles.com.au/productimages/9/9642460.jpg
Coles Dishwasher Concentrate Powder | 1kg, $3.90, $0.39 per 100g, https://productimages.coles.com.au/productimages/1/1025528.jpg
Optimum Light & Healthy With Chicken & Rice Wet Dog Food Can | 680g, $3.50, $0.51 per 100g, https://productimages.coles.com.au/productimages/4/4190688.jpg
Vitapet Jerhigh Milky Sticks Puppy Dog Treats | 100g, $6.00, $6.00 per 100g, https://productimages.coles.com.au/productimages/8/8093130.jpg
Naturale 3Ply 100% Recycled Toilet Tissue | 12 pack, $5.75, $0.27 per 100ea, https://productimages.coles.com.au/productimages/4/4813703.jpg
Coles Multi Purpose Disposable Gloves | 50 pack, $6.00, $0.12 per 1ea, https://productimages.coles.com.au/productimages/6/6005346.jpg
Fussy Cat Grain Free Adult Dry Cat food Chicken & Turkey With Cranberry | 500g, $6.00, $1.20 per 100g, https://productimages.coles.com.au/productimages/9/9112910.jpg
Tv Week My Family Secret | 1 each, $5.60, $28.00 per 1kg, https://productimages.coles.com.au/productimages/6/641480.jpg
Urbanworx Digital Luggage Scale With Measuring Tape | 1 each, $9.99, $9.99 per 1ea, https://productimages.coles.com.au/productimages/6/6174412.jpg
Quilton 3 Ply Soft & Thick Aloe vera Facial Tissues | 95 pack, $2.50, $2.63 per 100ea, https://productimages.coles.com.au/productimages/3/3055290.jpg
Cuddly Japanese Cherry Blossom Fabric Conditioner | 900mL, $7.00, $7.78 per 1L, https://productimages.coles.com.au/productimages/2/2458837.jpg
Kleenex Complete Clean Double Length Toilet Paper | 12 pack, $13.50, $0.31 per 100ea, https://productimages.coles.com.au/productimages/3/3517115.jpg
Woofin Good Chicken Meatballs Dog Food | 750g, $6.60, $0.88 per 100g, https://productimages.coles.com.au/productimages/3/3802790.jpg
Harmony Sunflower Seed | 1.5kg, $7.00, $0.47 per 100g, https://productimages.coles.com.au/productimages/8/8554935.jpg
Woofin Good Joints Dog Treat | 150g, $7.00, $4.67 per 100g, https://productimages.coles.com.au/productimages/3/3712610.jpg
Nature's Gift Adult Chilled Fresh Dog Food Meatballs With Chicken Brown Rice & Garden Vegetables | 700g, $4.80, $0.69 per 100g, https://productimages.coles.com.au/productimages/3/3605879.jpg
Purr Tuna with Chicken Liver in Jelly Cat Food | 85g, $1.20, $1.41 per 100g, https://productimages.coles.com.au/productimages/7/7580930.jpg
Fussy Cat Twice As Tasty Cat Food Pate & Pieces Chicken With Kangaroo | 70g, $2.00, $2.86 per 100g, https://productimages.coles.com.au/productimages/5/5284980.jpg
Purina One Adult Indoor Chicken Pouch Cat Food | 70g, $2.30, $3.29 per 100g, https://productimages.coles.com.au/productimages/3/3864119.jpg
Coles Lettuce Baby Rocket | 120g, $3.00, $25.00 per 1kg, https://productimages.coles.com.au/productimages/1/1499475.jpg
Dine Salmon In Seafood Sauce Cat Food Tray 85g | 7 pack, $7.20, $1.21 per 100g, https://productimages.coles.com.au/productimages/7/7591754.jpg
Nature's Gift Kangaroo Rice And Vegetable Dog Food | 700g, $2.80, $0.40 per 100g, https://productimages.coles.com.au/productimages/7/7007325.jpg
Catsan Ultra Clumping Cat Litter | 7kg, $18.50, $2.64 per 1kg, https://productimages.coles.com.au/productimages/8/8582103.jpg
V.I.P Paws Fresh Meat Portions Dog Food 5X90Gram | 5 pack, $4.50, $1.00 per 100g, https://productimages.coles.com.au/productimages/5/5303305.jpg
Fussy Cat Grain Free Crunchers Adult Cat Treats Chicken | 100g, $3.50, $3.50 per 100g, https://productimages.coles.com.au/productimages/4/4239437.jpg
Pedigree Casserole With Beef & Gravy Adult Wet Dog Food Can | 1.2kg, $4.00, $0.33 per 100g, https://productimages.coles.com.au/productimages/5/5126390.jpg
Temptations Seafood Medley Flavour Cat Treats | 85g, $3.50, $4.12 per 100g, https://productimages.coles.com.au/productimages/3/3566278.jpg
Whiskas Favourites Mixed In Jelly Cat Food 12x85g | 12 pack, $12.00, $1.18 per 100g, https://productimages.coles.com.au/productimages/5/5172568.jpg
Sorbent Silky White Toilet Tissue | 16 pack, $14.00, $0.49 per 100ea, https://productimages.coles.com.au/productimages/3/3974092.jpg
Finish Ultimate Pro Lemon Dishwash Tablets | 32 pack, $48.00, $1.50 per 1ea, https://productimages.coles.com.au/productimages/3/3679150.jpg
Coles Snow Peas loose | approx 100g, $2.30, $23.00 per 1kg, https://productimages.coles.com.au/productimages/1/123328.jpg
Coles Ultra Mould Killer | 500mL, $2.95, $0.59 per 100mL, https://productimages.coles.com.au/productimages/2/2749670.jpg
Coles Brussels Sprouts Prepack | 400g, currently unavailable, currently unavailable per each, https://productimages.coles.com.au/productimages/9/9323257.jpg
My Dog Adult 7+ With Juicy Lamb Rice & Carrots Can Wet Dog Food | 400g, $3.00, $0.75 per 100g, https://productimages.coles.com.au/productimages/8/8091167.jpg
Whiskas Chicken And Rabbit Adult Dry Cat Food | 800g, $5.20, $0.65 per 100g, https://productimages.coles.com.au/productimages/3/3871930.jpg
Coles Button Mushrooms | 200g, $4.50, $22.50 per 1kg, https://productimages.coles.com.au/productimages/4/4829420.jpg
Coles Baby Gem Lettuce | 3 pack, $3.50, $1.17 per 1ea, https://productimages.coles.com.au/productimages/2/2584547.jpg
Coles Amour Mandarins | 850g, $3.90, $4.59 per 1kg, https://productimages.coles.com.au/productimages/5/5212276.jpg
Purina Lucky Dog Bones Original Dog Treat | 800g, $8.50, $1.06 per 100g, https://productimages.coles.com.au/productimages/2/2819710.jpg
Coles Baby White Potatoes Prepacked | 1kg, $3.80, $3.80 per 1kg, https://productimages.coles.com.au/productimages/2/2488485.jpg
Friskies Kitten Discoveries Cat Food | 1kg, $8.00, $0.80 per 100g, https://productimages.coles.com.au/productimages/2/2740675.jpg
Coles Cat Food Seafood Cocktail | 400g, $1.75, $0.44 per 100g, https://productimages.coles.com.au/productimages/2/2278507.jpg
Coles Jazz Apples | approx 160g, $1.10, $6.90 per 1kg, https://productimages.coles.com.au/productimages/6/6427471.jpg
Nature's Gift Adult Chilled Fresh Dog Food Meatballs With Kangaroo Peas & Sweet Potato | 700g, $4.80, $0.69 per 100g, https://productimages.coles.com.au/productimages/5/5610938.jpg
Purr Cat Food Seafood Selection 27x85g | 27 pack, $22.50, $0.98 per 100g, https://productimages.coles.com.au/productimages/4/4950330.jpg
Coles Limes Medium Loose | 1 each, currently unavailable, currently unavailable per each, https://productimages.coles.com.au/productimages/1/197594.jpg
Glad Cling Wrap 150m x 33cm | 150m, $10.50, $0.07 per 1M, https://productimages.coles.com.au/productimages/3/309461.jpg
Bow Wow Pork Bones Twin Pack Dog Treats | 2 pack, $7.00, $3.50 per 1ea, https://productimages.coles.com.au/productimages/7/7347196.jpg
Chobani Dollop Yogurt Dog Food | 300g, $4.00, $1.33 per 100g, https://productimages.coles.com.au/productimages/5/5611238.jpg
Coles I'M Perfect Apples Prepacked | 2kg, $5.90, $2.95 per 1kg, https://productimages.coles.com.au/productimages/3/3586446.jpg
Coles Roma Tomatoes | 480g, $6.90, $14.38 per 1kg, https://productimages.coles.com.au/productimages/3/3997189.jpg
Optimum Beef & Rice Adult Wet Dog Food Can | 700g, $3.50, $0.50 per 100g, https://productimages.coles.com.au/productimages/4/4190881.jpg
Catsan Cat Litter Crystals | 2kg, $15.00, $7.50 per 1kg, https://productimages.coles.com.au/productimages/9/9698577.jpg
Optimum Chicken Loaf Adult Wet Dog Food Tray | 100g, $1.25, $1.25 per 100g, https://productimages.coles.com.au/productimages/8/8656720.jpg
Whiskas Milk Plus Cat Treat | 1L, $5.50, $0.55 per 100mL, https://productimages.coles.com.au/productimages/9/9077274.jpg
Kleenex Eucalyptus 3 Ply Facial Tissues | 140 pack, $4.50, $3.21 per 100ea, https://productimages.coles.com.au/productimages/3/3157745.jpg
Coles Strawberries Premium | 350g, $9.90, $28.29 per 1kg, https://productimages.coles.com.au/productimages/5/5707745.jpg
Coles Autumn Crisp White Seedless Grapes | 1kg, $6.90, $6.90 per 1kg, https://productimages.coles.com.au/productimages/2/2950984.jpg
Coles Parsnips Loose | approx 140g, $1.68, $12.00 per 1kg, https://productimages.coles.com.au/productimages/5/5298748.jpg
My Dog Classic Loaf With Juicy Lamb Tray Adult Wet Dog Food | 100g, $1.70, $1.70 per 100g, https://productimages.coles.com.au/productimages/6/6112801.jpg
Fresh Garlic Cloves Prepacked | 70g, $2.50, $35.71 per 1kg, https://productimages.coles.com.au/productimages/3/3479162.jpg
Fussy Cat Grain Free Salmon & Oceanfish With Olive Oil Dry Cat food | 500g, $6.00, $1.20 per 100g, https://productimages.coles.com.au/productimages/9/9112900.jpg
Purr Singles Cat Food Seafood Selection 6x85g | 6 pack, $5.70, $1.12 per 100g, https://productimages.coles.com.au/productimages/7/7604856.jpg
My Dog Classic Loaf With Succulent Kangaroo Adult Wet Dog Food | 100g, $1.70, $1.70 per 100g, https://productimages.coles.com.au/productimages/3/3015751.jpg
Coles Herb Punnets Coriander | 15g, $3.20, $2.13 per 10g, https://productimages.coles.com.au/productimages/3/3214612.jpg
Coles Specialty White Seedless Grapes Prepacked | 500g, $5.50, $11.00 per 1kg, https://productimages.coles.com.au/productimages/3/3497947.jpg
Coles Jumbo Value Pack Baby Spinach | 400g, $5.80, $14.50 per 1kg, https://productimages.coles.com.au/productimages/5/5040396.jpg
Coles Asian Baby Buk Choy | 1 each, $2.50, $2.50 per 1ea, https://productimages.coles.com.au/productimages/4/4566761.jpg
Coles Cabbage Wombok Precut Half | 1 each, $2.90, $2.90 per 1ea, https://productimages.coles.com.au/productimages/3/3666385.jpg
Fancy Feast Classic Cat Food Tender Chicken & Liver | 85g, $1.30, $1.53 per 100g, https://productimages.coles.com.au/productimages/5/5129831.jpg
Coles Papaya Loose | 1 each, $4.50, $4.50 per 1ea, https://productimages.coles.com.au/productimages/6/6950578.jpg
Cook & Dine Food Containers 1L | 4 pack, $3.50, $0.88 per 1ea, https://productimages.coles.com.au/productimages/2/2786676.jpg
Felix Agail Cat Food Meat Menu 85g | 24 pack, $22.00, $1.08 per 100g, https://productimages.coles.com.au/productimages/5/5027569.jpg
Coles Celery Sticks Prepacked | 300g, $5.00, $16.67 per 1kg, https://productimages.coles.com.au/productimages/1/1069160.jpg
Fancy Feast Dry Cat Food Tuna Prawn Mackerel Crab | 450g, $7.00, $1.56 per 100g, https://productimages.coles.com.au/productimages/5/5097087.jpg
Coles Beurre Bosc Pears | approx 230g, $1.03, $4.50 per 1kg, https://productimages.coles.com.au/productimages/4/409987.jpg
Coles Apples Mini 1kg | 1 each, $3.00, $3.00 per 1kg, https://productimages.coles.com.au/productimages/2/2511678.jpg
Coles Snow Peas Medium | 150g, $3.90, $26.00 per 1kg, https://productimages.coles.com.au/productimages/4/4628326.jpg
Fancy Feast Savory Centers Salmon Pate Cat Food | 85g, $2.60, $3.06 per 100g, https://productimages.coles.com.au/productimages/3/3755827.jpg
Bow Wow Peamutt Butter Roll Dog Treat | 1 pack, $3.50, $3.50 per 1ea, https://productimages.coles.com.au/productimages/6/6134940.jpg
Catlux Light Clumping Cat Litter | 6L, $9.00, $1.50 per 1L, https://productimages.coles.com.au/productimages/5/5952079.jpg
Spud Lite Potatoes Prepacked | 1.5kg, $6.00, $4.00 per 1kg, https://productimages.coles.com.au/productimages/3/3026441.jpg
Coles Cocktail Truss Tomatoes | 250g, $3.90, $15.60 per 1kg, https://productimages.coles.com.au/productimages/3/3088176.jpg
Coles Gold Kiwifruit Prepacked | 6 pack, $7.90, $1.32 per 1ea, https://productimages.coles.com.au/productimages/4/4498311.jpg
Coles Wombok Chinese Cabbage Whole | 1 each, $4.50, $4.50 per 1ea, https://productimages.coles.com.au/productimages/4/4879042.jpg
Dine Pulled Menu Gravy Indulgence Tuna Cat Food | 85g, $1.10, $1.29 per 100g, https://productimages.coles.com.au/productimages/5/5190446.jpg
Nature's Gift Chicken Rice And Vegetable Dog Food | 700g, $2.80, $0.40 per 100g, https://productimages.coles.com.au/productimages/5/5371349.jpg
Pedigree Dentastix Medium Dog Treats Daily Oral Care Dental Chews | 28 pack, $22.50, $0.80 per 1ea, https://productimages.coles.com.au/productimages/6/6856376.jpg
Coles Half Savoy Cabbage | 1 each, $3.90, $3.90 per 1ea, https://productimages.coles.com.au/productimages/3/3667945.jpg
Coles Mushrooms Sliced | 500g, $6.50, $13.00 per 1kg, https://productimages.coles.com.au/productimages/2/2728862.jpg
Fussy Cat Grainfree Indoor Cat Food | 500g, $6.00, $1.20 per 100g, https://productimages.coles.com.au/productimages/4/4496098.jpg
Optimum Real Kangaroo & Vegetables Adult Wet Dog Food Can | 700g, $3.50, $0.50 per 100g, https://productimages.coles.com.au/productimages/3/3313830.jpg
Coles Adult Chilled Fresh Dog Food Roll Lamb | 3kg, $6.00, $0.20 per 100g, https://productimages.coles.com.au/productimages/2/2132160.jpg
Coles Brown Onion Shallots Loose | approx 35g, $0.46, $13.00 per 1kg, https://productimages.coles.com.au/productimages/5/5134809.jpg
Coles Packham Pears 1Kg | 1 each, $3.90, $3.90 per 1kg, https://productimages.coles.com.au/productimages/9/9006662.jpg
Dine Melting Soup Tuna & Chicken Wet Cat Food Pouch | 40g, $1.60, $4.00 per 100g, https://productimages.coles.com.au/productimages/1/1711106.jpg
Coles Baby Carisma Potatoes | 1kg, $3.80, $3.80 per 1kg, https://productimages.coles.com.au/productimages/2/2488496.jpg
Coles Dry Roasted Cashews | 400g, $9.00, $22.50 per 1kg, https://productimages.coles.com.au/productimages/2/2123500.jpg
Fresh Glasshouse Grape Tomatoes | 200g, $3.50, $17.50 per 1kg, https://productimages.coles.com.au/productimages/4/4498173.jpg
Coles Wombok Chinese Cabbage Wombok Petite | 2 pack, $4.90, $2.45 per 1ea, https://productimages.coles.com.au/productimages/3/3892103.jpg
Coles I'm Perfect Avocados | 1kg, $5.00, $5.00 per 1kg, https://productimages.coles.com.au/productimages/3/3627805.jpg
Coles Silverbeet Medium | 1 each, $4.50, $4.50 per 1ea, https://productimages.coles.com.au/productimages/4/408383.jpg
Coles Honeydew Melon Whole | 1 each, $5.90, $5.90 per 1ea, https://productimages.coles.com.au/productimages/5/5945620.jpg
Coles Natural Californian Walnut | 400g, $8.00, $20.00 per 1kg, https://productimages.coles.com.au/productimages/2/2123330.jpg
Coles Topless Pineapple | 1 each, $5.90, $5.90 per 1ea, https://productimages.coles.com.au/productimages/5/5606330.jpg
Coles Sleeved Herbs Basil | 1 each, $3.20, $3.20 per 1ea, https://productimages.coles.com.au/productimages/4/4574920.jpg
Coles White Seedless Grapes | 400g, $4.00, $10.00 per 1kg, https://productimages.coles.com.au/productimages/3/3993064.jpg
Bonjela Fast Acting Teething & Mouth Ulcer Gel 87mg/g Choline Salicylate | 15g, $10.00, $66.67 per 100g, https://productimages.coles.com.au/productimages/5/5578529.jpg
Johnson's Baby Shampoo | 500mL, $11.00, $2.20 per 100mL, https://productimages.coles.com.au/productimages/8/8584153.jpg
Huggies Ultra Dry Nappy Pants Boys Size 6 (15kg+) | 24 pack, $22.00, $0.92 per 1ea, https://productimages.coles.com.au/productimages/2/2848274.jpg
Huggies Drynites Night Pants Boy Size 8-15 Years | 8 pack, $12.00, $1.50 per 1ea, https://productimages.coles.com.au/productimages/5/5064033.jpg
Rafferty's Garden Chocolate Custard Baby Food Pouch Dessert Sweet Snack 6+ Months | 120g, $2.15, $1.79 per 100g, https://productimages.coles.com.au/productimages/6/6957420.jpg
WaterWipes Fragrance Free Sensitive Skin 180 Baby Wipes | 180 pack, $20.00, $11.11 per 100ea, https://productimages.coles.com.au/productimages/3/3155863.jpg
Only Organic Banana Blueberry & Quinoa | 120g, $1.50, $1.25 per 100g, https://productimages.coles.com.au/productimages/2/2134289.jpg
Aptamil Profutura Toddler Formula From 1 Year | 900g, $43.00, $4.78 per 100g, https://productimages.coles.com.au/productimages/4/4150093.jpg
Huggies Ultra Dry Nappies Girls Size 4 (10-15kg) | 36 pack, $16.00, $0.44 per 1ea, https://productimages.coles.com.au/productimages/6/6803100.jpg
Coles Apple Pear And Banana 6+ Months | 120g, $1.00, $0.83 per 100g, https://productimages.coles.com.au/productimages/3/3961931.jpg
Baby Bellies Organic Pumpkin And Carrot Soft Corn 10+ Months | 8g, $2.00, $25.00 per 100g, https://productimages.coles.com.au/productimages/4/4163390.jpg
Huggies Thick Baby Wipes Coconut Oil 3x80 | 3 pack, $10.70, $4.46 per 100ea, https://productimages.coles.com.au/productimages/2/2917005.jpg
Only Organic Baby Food Mango Coconut And Quinoa | 120g, $1.50, $1.25 per 100g, https://productimages.coles.com.au/productimages/3/3499782.jpg
Coles No Added Hormone Beef Brisket Slow Cook | approx 1.4kg, $23.80, $17.00 per 1kg, https://productimages.coles.com.au/productimages/3/3492660.jpg
CUB Walker Nappy Pants Size 5 | 23 pack, $9.50, $0.41 per 1ea, https://productimages.coles.com.au/productimages/3/3720877.jpg
Coles Beetroot Loose | approx 170g, $1.10, $6.50 per 1kg, https://productimages.coles.com.au/productimages/5/5288711.jpg
Only Organic Pear & Mango Baby Food Pouch 4+ Months | 120g, $1.50, $1.25 per 100g, https://productimages.coles.com.au/productimages/5/5033663.jpg
Mum-Mum Pea Snacks Cheese 12M+ | 12g, $1.50, $12.50 per 100g, https://productimages.coles.com.au/productimages/4/4156500.jpg
Heinz Apple Strawberry & Passionfruit 8+ Months | 120g, $1.80, $1.50 per 100g, https://productimages.coles.com.au/productimages/2/2366681.jpg
Rafferty's Garden Brown Rice Bean & Pumpkin Baby Food Pouch 8+ Months | 120g, $2.15, $1.79 per 100g, https://productimages.coles.com.au/productimages/3/3620330.jpg
Coles No Added Hormone Beef Scotch Steak With Truffle Inspired Butter | 265g, $11.00, $41.51 per 1kg, https://productimages.coles.com.au/productimages/3/3582478.jpg
Only Organic Chicken Sweetcorn & Brown Rice Baby Food Pouch 6+ Months | 120g, $1.50, $1.25 per 100g, https://productimages.coles.com.au/productimages/5/5033845.jpg
Coles No Added Hormone Beef Sandwich Steak | 400g, $12.00, $30.00 per 1kg, https://productimages.coles.com.au/productimages/6/6068539.jpg
A2 Infant Stage 1 Platinum Premium Formula | 900g, $40.50, $4.50 per 100g, https://productimages.coles.com.au/productimages/5/5488244.jpg
Coles Pork Belly Roast Boneless | approx 1.3kg, $20.80, $16.00 per 1kg, https://productimages.coles.com.au/productimages/2/2839579.jpg
CUB Unisex Junior Nappies Size 6 | 40 pack, $11.50, $0.29 per 1ea, https://productimages.coles.com.au/productimages/3/3720800.jpg
Kiddylicious Veggie Straws Cheesy Flavour | 12g, $2.20, $18.33 per 100g, https://productimages.coles.com.au/productimages/3/3018884.jpg
Rafferty's Garden Chicken Peas & Wholemeal Pasta Baby Food Pouch 6+ Months | 120g, $2.15, $1.79 per 100g, https://productimages.coles.com.au/productimages/3/3620238.jpg
Coles Flat Mushrooms loose | approx 350g, $4.72, $13.50 per 1kg, https://productimages.coles.com.au/productimages/4/4594031.jpg
Coles Basa Portions Skin Off 2 Pack | 260g, $5.00, $19.23 per 1kg, https://productimages.coles.com.au/productimages/1/1567000.jpg
Coles No Added Hormone Beef Rump Medallions | 300g, $12.00, $40.00 per 1kg, https://productimages.coles.com.au/productimages/4/4678903.jpg
Heinz Apple Blueberry & Strawberry Baby Food 8+ Months | 120g, $1.80, $1.50 per 100g, https://productimages.coles.com.au/productimages/2/2011100.jpg
Nestle Nan Supremepro 1 Premium Starter Baby Infant Formula Powder From Birth | 800g, $36.00, $4.50 per 100g, https://productimages.coles.com.au/productimages/4/4161668.jpg
Johnson's Baby Bedtime Jasmine & Lily Scented Baby Bath | 500mL, $11.00, $2.20 per 100mL, https://productimages.coles.com.au/productimages/9/9152595.jpg
Baby Bellies Organic Apple & Cinnamon Puffs | 35g, $4.75, $13.57 per 100g, https://productimages.coles.com.au/productimages/5/5020763.jpg
Only Organic Banana Vanilla & Greek Yoghurt Brekkie | 100g, $2.85, $2.85 per 100g, https://productimages.coles.com.au/productimages/2/2134201.jpg
Keep It Cleaner Toddler Apple Puffs | 22g, $2.50, $11.36 per 100g, https://productimages.coles.com.au/productimages/5/5052486.jpg
Coles No Added Hormone Beef Porterhouse Steak With Thyme And Pepper Butter | 500g, $19.00, $38.00 per 1kg, https://productimages.coles.com.au/productimages/3/3853699.jpg
Coles Pork Fillet | approx 400g, $8.40, $21.00 per 1kg, https://productimages.coles.com.au/productimages/2/2359370.jpg
Nestle NAN Comfort 2 Baby Follow-On Formula Powder From 6 To 12 Months  | 800g, $20.00, $2.50 per 100g, https://productimages.coles.com.au/productimages/4/4162536.jpg
Rafferty's Garden Pear Puree and Nothing Else Baby Food Pouch 4+ Months | 120g, $2.15, $1.79 per 100g, https://productimages.coles.com.au/productimages/3/3018830.jpg
Only Organic Coconut Strawberry & Goji | 100g, $2.85, $2.85 per 100g, https://productimages.coles.com.au/productimages/3/3018556.jpg
Coles Pork Mini Shoulder Roast Boneless | approx 1kg, $12.00, $12.00 per 1kg, https://productimages.coles.com.au/productimages/3/3455007.jpg
Mum-Mum Pea Snacks Apple & Cinnamon 12M+  | 12g, $1.50, $12.50 per 100g, https://productimages.coles.com.au/productimages/4/4156511.jpg
Only Organic Free Range Chicken Bolognese 10+ Months | 170g, $2.90, $1.71 per 100g, https://productimages.coles.com.au/productimages/3/3288812.jpg
Coles Beef Fillet Steak | 450g, $23.50, $52.22 per 1kg, https://productimages.coles.com.au/productimages/6/6332003.jpg
Little Bellies Organic Apricot Date & Oat Bars | 85g, $4.20, $4.94 per 100g, https://productimages.coles.com.au/productimages/5/5023580.jpg
CUB Apricot Fruit & Oat Bar 6x15g | 90g, $2.75, $3.06 per 100g, https://productimages.coles.com.au/productimages/3/3757651.jpg
Coles Sausage Mince | 500g, $6.00, $12.00 per 1kg, https://productimages.coles.com.au/productimages/6/6869141.jpg
Coles Tasmanian Salmon Diced | 300g, $11.50, $38.33 per 1kg, https://productimages.coles.com.au/productimages/3/3051493.jpg
Cleaver's Beef Mince Free Range Organic                                                                                                    | 500g, $14.00, $28.00 per 1kg, https://productimages.coles.com.au/productimages/9/9224255.jpg
Only Organic Pear Banana & Apple 6+ Months | 120g, $1.50, $1.25 per 100g, https://productimages.coles.com.au/productimages/7/7761060.jpg
Wynns Coonawarra Shiraz 750mL | 1 Each, $14.00, $18.67 per 1L, https://productimages.coles.com.au/productimages/8/8262113.jpg
Baby Bellies Organic Pea Pasrnip Soft Corn 10+ Months | 8g, $2.00, $25.00 per 100g, https://productimages.coles.com.au/productimages/4/4163404.jpg
Heinz Pureed Fruity Pears 4+ Months Glass Jar | 110g, $1.00, $0.91 per 100g, https://productimages.coles.com.au/productimages/1/166353.jpg
Coles Pork Chipolatas | 550g, $6.60, $12.00 per 1kg, https://productimages.coles.com.au/productimages/3/3923660.jpg
Babylove Unisex Cosifit Junior Nappy 15-25 Kg Size 6 | 26 pack, $18.00, $0.69 per 1ea, https://productimages.coles.com.au/productimages/3/3595684.jpg
Aptamil Prosyneo Sensitive Baby Infant Formula Formulated For Tolerance From Birth to 12 Months | 900g, $32.00, $3.56 per 100g, https://productimages.coles.com.au/productimages/3/3672945.jpg
Baby Bellies Organic Banana Softcorn | 30g, $4.75, $15.83 per 100g, https://productimages.coles.com.au/productimages/5/5025370.jpg
Coles RSPCA Chicken Schnitzel Plain Crumb | 1.2kg, $12.50, $10.42 per 1kg, https://productimages.coles.com.au/productimages/2/2904193.jpg
Coles RSPCA Approved Free Range Chicken Tenderloins | approx 600g, $12.00, $20.00 per 1kg, https://productimages.coles.com.au/productimages/3/3228785.jpg
Coles Classic Beef Burgers | 500g, $8.50, $17.00 per 1kg, https://productimages.coles.com.au/productimages/3/3898948.jpg
Coles RSPCA Approved Chicken Giblets         | approx 600g, $4.50, $7.50 per 1kg, https://productimages.coles.com.au/productimages/2/2565429.jpg
Rocco's Smokey Bacon & Cheese Sausages | 450g, $8.00, $17.78 per 1kg, https://productimages.coles.com.au/productimages/2/2951568.jpg
Lachlan Ridge Chardonnay Cask 2Litre | 1 Each, $8.00, $4.00 per 1L, https://productimages.coles.com.au/productimages/5/5338387.jpg
McCormick Grill Mates Tennessee Smokehouse BBQ Rub | 40g, $2.50, $0.63 per 10g, https://productimages.coles.com.au/productimages/2/2471868.jpg
Coles RSPCA Approved Chicken Drumsticks With Mediterranean Glaze | approx 800g, $6.40, $8.00 per 1kg, https://productimages.coles.com.au/productimages/5/5088440.jpg
Coles RSPCA Approved Chicken Kebabs Honey & Soy | 750g, $12.00, $16.00 per 1kg, https://productimages.coles.com.au/productimages/3/3745878.jpg
Coles RSPCA Approved Chicken Breast Schnitzel Garlic & Herb Crumb | 600g, $10.50, $17.50 per 1kg, https://productimages.coles.com.au/productimages/9/9232956.jpg
Rascal + Friends Nappy Pants Size 5 Walker | 26 pack, $16.50, $0.63 per 1ea, https://productimages.coles.com.au/productimages/3/3445932.jpg
Coles RSPCA Approved Free Range Chicken Maryland | approx 800g, $8.00, $10.00 per 1kg, https://productimages.coles.com.au/productimages/3/3559454.jpg
Coles Roasted & Salted Cashews | 400g, $9.00, $22.50 per 1kg, https://productimages.coles.com.au/productimages/2/2123646.jpg
Coles Graze Grass Fed No Added Hormone Oyster Blade Thin Sliced Steak | 400g, $9.00, $22.50 per 1kg, https://productimages.coles.com.au/productimages/4/4258486.jpg
Great Northern Super Crisp Lager Can 375mL | 8 Pack, $23.00, $7.67 per 1L, https://productimages.coles.com.au/productimages/5/5493346.jpg
Coles Beef Thyme And Parsley Burgers | 500g, $8.50, $17.00 per 1kg, https://productimages.coles.com.au/productimages/3/3034348.jpg
Grant Burge Pinot Noir Chardonnay NV 750mL | 1 Each, $20.00, $26.67 per 1L, https://productimages.coles.com.au/productimages/8/8230591.jpg
Coles RSPCA Approved Free Range Chicken Lovely Legs | approx 600g, $6.30, $10.50 per 1kg, https://productimages.coles.com.au/productimages/3/3559636.jpg
Huggies Ultra Dry Nappy Pants Boys Size 5 (12-17kg) | 26 pack, $22.00, $0.85 per 1ea, https://productimages.coles.com.au/productimages/2/2848252.jpg
Coles Lamb Kebabs | 450g, $7.50, $16.67 per 1kg, https://productimages.coles.com.au/productimages/3/3900020.jpg
Karicare Goat Milk Toddler Milk Drink | 900g, $48.00, $5.33 per 100g, https://productimages.coles.com.au/productimages/4/4992090.jpg
Coles RSPCA Approved Chicken Breast Schnitzel Plain Crumb | 600g, $10.50, $17.50 per 1kg, https://productimages.coles.com.au/productimages/5/5969865.jpg
Coles Pork Loin Steaks Thin Cut | 500g, $10.00, $20.00 per 1kg, https://productimages.coles.com.au/productimages/3/3050173.jpg
Coles Smoked Meaty Pork Leg Hock | approx 1kg, $13.50, $13.50 per 1kg, https://productimages.coles.com.au/productimages/3/3472389.jpg
Coles RSPCA Approved Chicken Whole Boneless Herb & Garlic | approx 850g, $9.35, $11.00 per 1kg, https://productimages.coles.com.au/productimages/2/2819389.jpg
Yellow Tail Shiraz 750mL | 1 Each, $10.00, $13.33 per 1L, https://productimages.coles.com.au/productimages/8/8263659.jpg
19 Crimes Cabernet Sauvignon 750mL | 1 Each, $17.00, $22.67 per 1L, https://productimages.coles.com.au/productimages/3/3189650.jpg
Dimple 12YO Blended Scotch Whisky 700mL | 1 Each, $53.00, $75.72 per 1L, https://productimages.coles.com.au/productimages/8/8334826.jpg
Coles Pork Forequarter Cutlets | approx 750g, $10.88, $14.50 per 1kg, https://productimages.coles.com.au/productimages/2/2464476.jpg
Rascal + Friends Nappies Size 5 Walker | 32 pack, $16.00, $0.50 per 1ea, https://productimages.coles.com.au/productimages/3/3301116.jpg
De Bortoli Sacred Hill Semillon Sauv Blanc 750mL | 1 Each, $5.50, $7.33 per 1L, https://productimages.coles.com.au/productimages/8/8295702.jpg
Lilydale Free Range Chicken Stir Fry | 500g, $12.50, $25.00 per 1kg, https://productimages.coles.com.au/productimages/1/1833373.jpg
Rose D'Amelie AOC Luberon Rose 750mL | 1 Each, $14.00, $18.67 per 1L, https://productimages.coles.com.au/productimages/3/3253319.jpg
Bells Scotch Blended Scotch Whisky 1L | 1 Each, $60.00, $60.00 per 1L, https://productimages.coles.com.au/productimages/3/3678238.jpg
Johnnie Walker Black Label 12YO Scotch Whisky 700mL | 1 Each, $55.00, $78.57 per 1L, https://productimages.coles.com.au/productimages/8/8327966.jpg
B Francois Brut NV 750mL | 1 Each, $15.00, $20.00 per 1L, https://productimages.coles.com.au/productimages/8/8325166.jpg
Tussock Jumper Pinot Grigio 750mL | 1 Each, $10.00, $13.33 per 1L, https://productimages.coles.com.au/productimages/3/3161458.jpg
Whispers Sparkling White 750mL | 1 Each, $5.00, $6.67 per 1L, https://productimages.coles.com.au/productimages/8/8302331.jpg
Peter Lehmann Shoulder to Shoulder Cab Sauv 750mL | 1 Each, $15.00, $20.00 per 1L, https://productimages.coles.com.au/productimages/3/3354430.jpg
Lachlan Ridge Shiraz 2L | 1 Each, $8.00, $4.00 per 1L, https://productimages.coles.com.au/productimages/9/9190970.jpg
XXXX Gold Bottle 375mL | 24 Pack, $52.00, $52.00 per each, https://productimages.coles.com.au/productimages/3/35927.jpg
Coca-Cola Classic Soft Drink Multipack Bottles 12 x 300mL | 12 pack, $15.20, $4.22 per 1L, https://productimages.coles.com.au/productimages/7/7910342.jpg
Bundaberg UP & Cola Can 375mL | 6 Pack, $30.00, $1.33 per 100mL, https://productimages.coles.com.au/productimages/5/536936.jpg
Schweppes Soda Water | 1.1L, $2.60, $2.36 per 1L, https://productimages.coles.com.au/productimages/3/3014770.jpg
Whispers Strawberry Spumante 750mL | 1 Each, $5.00, $0.67 per 100mL, https://productimages.coles.com.au/productimages/1/1994430.jpg
Coles Pork Sizzle Steaks | 400g, $8.00, $20.00 per 1kg, https://productimages.coles.com.au/productimages/2/2335939.jpg
Coles Apple & Blackcurrant Juice | 2L, $2.80, $1.40 per 1L, https://productimages.coles.com.au/productimages/2/2531529.jpg
Lachlan Ridge Cabernet Merlot Cask 2Litre | 1 Each, $8.00, $4.00 per 1L, https://productimages.coles.com.au/productimages/5/5338547.jpg
V Green Energy Drink Can | 500mL, $3.85, $7.70 per 1L, https://productimages.coles.com.au/productimages/6/6963503.jpg
Hahn Super Dry 3.5 Block Can 375mL | 30 Pack, $61.00, $5.42 per 1L, https://productimages.coles.com.au/productimages/2/2803582.jpg
Villa Maria Private Bin Sauvignon Blanc 750mL | 1 Each, $15.00, $20.00 per 1L, https://productimages.coles.com.au/productimages/8/8251354.jpg
Yellowglen NV Pink 750mL | 1 Each, $9.00, $12.00 per 1L, https://productimages.coles.com.au/productimages/8/8258310.jpg
Cleanskin Big & Bold SEA Shiraz 750mL | 1 Each, $5.50, $7.33 per 1L, https://productimages.coles.com.au/productimages/8/8274906.jpg
Parson's Paddock Cabernet Sauvignon 750mL | 1 Each, $8.00, $10.67 per 1L, https://productimages.coles.com.au/productimages/8/8317372.jpg
Wirra Wirra McLaren Vale Vineyards Shiraz 750mL | 1 Each, $25.00, $33.33 per 1L, https://productimages.coles.com.au/productimages/2/2688429.jpg
Coles No Added Hormone Beef Shin Gravy Beef Whole Piece | approx 850g, $14.45, $17.00 per 1kg, https://productimages.coles.com.au/productimages/4/4256651.jpg
Monster Energy Ultra 4 x 500mL | 500ml, $8.30, $4.15 per 1L, https://productimages.coles.com.au/productimages/2/2785108.jpg
Schweppes Lemon Lime & Bitter No Sugar Mixers | 1.1L, $2.60, $2.36 per 1L, https://productimages.coles.com.au/productimages/3/3752738.jpg
Uncle Tobys Plus Iron Cereal | 410g, $6.50, $1.59 per 100g, https://productimages.coles.com.au/productimages/2/2353067.jpg
Coles Water Spring Natural | 600mL, $1.00, $1.67 per 1L, https://productimages.coles.com.au/productimages/4/4874504.jpg
Heinz Canned Baked Beans Tomato Sauce | 300g, $2.80, $9.33 per 1kg, https://productimages.coles.com.au/productimages/2/2954941.jpg
Coles Finest By Laurent Toasted Sesame Pane Di Casa Roll | 3 pack, $4.00, $1.33 per 1ea, https://productimages.coles.com.au/productimages/3/3509252.jpg
Maggi 2 Minute Chicken Flavour Noodles 12 Pack | 864g, $10.00, $1.16 per 100g, https://productimages.coles.com.au/productimages/1/1616626.jpg
Jack Daniels Tennessee Whiskey 1L | 1 Each, $85.00, $85.00 per 1L, https://productimages.coles.com.au/productimages/8/8331442.jpg
Pensilva Cabernet Sauvignon 750mL | 1 Each, $20.00, $26.67 per 1L, https://productimages.coles.com.au/productimages/8/8776052.jpg
Schweppes Lemon Lime Bitter Mixers 4X300Ml | 4 pack, $4.50, $3.75 per 1L, https://productimages.coles.com.au/productimages/7/7351932.jpg
Uncle Tobys Plus Protein Breakfast Cereal | 410g, $6.50, $1.59 per 100g, https://productimages.coles.com.au/productimages/3/3789487.jpg
Powerade Isotonic Mountain Bast Sports Drink Sipper Cap | 1L, $2.95, $2.95 per 1L, https://productimages.coles.com.au/productimages/2/2784262.jpg
Nudie Cloudy Apple Juice Chilled | 2L, $8.00, $4.00 per 1L, https://productimages.coles.com.au/productimages/7/7895817.jpg
Coles Tasmanian Salmon Marinated Portions Teriyaki | 325g, $13.00, $40.00 per 1kg, https://productimages.coles.com.au/productimages/4/4720260.jpg
Grant Burge 5th Generation Barossa Shiraz 750mL | 1 Each, $14.00, $18.67 per 1L, https://productimages.coles.com.au/productimages/9/9189824.jpg
Golden Circle  Golden Pash Tetra | 1L, $2.60, $2.60 per 1L, https://productimages.coles.com.au/productimages/5/5127235.jpg
Coca-Cola Vanilla Soft Drink Bottle | 1.25L, $1.70, $1.36 per 1L, https://productimages.coles.com.au/productimages/9/9391600.jpg
Ocean Spray Classic Cranberry Juice Drink | 1.5L, $6.25, $4.17 per 1L, https://productimages.coles.com.au/productimages/9/9793057.jpg
Victoria Bitter Bottle 375mL | 6 Pack, $21.00, $9.33 per 1L, https://productimages.coles.com.au/productimages/3/311007.jpg
Vitasoy Calci-Plus Long Life Soy Milk 1L | 1L, $3.00, $3.00 per 1L, https://productimages.coles.com.au/productimages/6/6037761.jpg
Hahn Super Dry Bottle 330mL | 6 Pack, $15.00, $0.76 per 100mL, https://productimages.coles.com.au/productimages/5/5396962.jpg
Grant's Triple Wood Scotch Whisky 700mL | 1 Each, $44.00, $62.86 per 1L, https://productimages.coles.com.au/productimages/8/8339309.jpg
Coca-Cola Zero Sugar Soft Drink Multipack Cans 10x375mL | 10 pack, $8.75, $2.33 per 1L, https://productimages.coles.com.au/productimages/2/2993739.jpg
Sprite Lemonade Soft Drink Bottle  | 2L, $3.00, $1.50 per 1L, https://productimages.coles.com.au/productimages/4/438894.jpg
Que Cola No Sugar Cola | 1.25L, $0.90, $0.72 per 1L, https://productimages.coles.com.au/productimages/3/3243563.jpg
Daybreak Sweet Fruity White 5L | 1 Each, $15.00, $3.00 per 1L, https://productimages.coles.com.au/productimages/7/7011990.jpg
Original Juice Co. Black Label Chilled Orange Juice | 600mL, $3.50, $5.83 per 1L, https://productimages.coles.com.au/productimages/8/8818094.jpg
Vodka Cruiser Sour Grape 275mL | 4 Pack, $20.00, $18.18 per 1L, https://productimages.coles.com.au/productimages/3/3776893.jpg
Jamiesons Run Grazier Sem Sauv Blanc 750mL | 1 Each, $6.00, $8.00 per 1L, https://productimages.coles.com.au/productimages/2/2587148.jpg
Coles Lamb Boneless Shank Meat | approx 700g, $15.40, $22.00 per 1kg, https://productimages.coles.com.au/productimages/2/2727699.jpg
Monster Green Can Energy Drink  | 500mL, $3.70, $7.40 per 1L, https://productimages.coles.com.au/productimages/2/2787136.jpg
Devondale Full Cream Long Life Milk | 2L, $3.90, $1.95 per 1L, https://productimages.coles.com.au/productimages/5/5230904.jpg
Rokeby Farms Nas Banana Honey Cinnamon Smoothie | 425mL, $3.50, $8.24 per 1L, https://productimages.coles.com.au/productimages/3/3905307.jpg
Sunkist Orange Crush | 1.25L, $2.85, $2.28 per 1L, https://productimages.coles.com.au/productimages/5/5037303.jpg
Golden Circle Apple Blackcurrant Fruit Drink LunchBox Multipack Poppers  6x250mL | 6 pack, $4.40, $2.93 per 1L, https://productimages.coles.com.au/productimages/2/2044550.jpg
Coles Finest By Laurent Traditional Brioche Burger Buns | 2 pack, $2.70, $1.35 per 1ea, https://productimages.coles.com.au/productimages/3/3326161.jpg
The Juice Brothers Pulp Free Orange Juice | 1.5L, $6.00, $4.00 per 1L, https://productimages.coles.com.au/productimages/3/3417868.jpg
Coles Multi Vitamin Juice | 2L, $2.80, $1.40 per 1L, https://productimages.coles.com.au/productimages/2/2531584.jpg
Lindt Excellence Milk Sea Salt Caramel Milk Chocolate Block | 100g, $3.85, $3.85 per 100g, https://productimages.coles.com.au/productimages/2/2876327.jpg
Coles Orange Juice Chilled | 2L, $5.20, $2.60 per 1L, https://productimages.coles.com.au/productimages/2/2690908.jpg
Continental Cup A Soup Dutch Curry With Rice Serves 2 | 55g, $1.40, $2.55 per 100g, https://productimages.coles.com.au/productimages/5/5706050.jpg
Coles Graze Grass Fed Beef Meatballs | 420g, $7.50, $17.86 per 1kg, https://productimages.coles.com.au/productimages/2/2725456.jpg
Coca-Cola Zero Sugar Soft Drink Multipack Bottles 12x300mL | 12 pack, $15.20, $4.22 per 1L, https://productimages.coles.com.au/productimages/1/1492374.jpg
V Energy Refresh Drink Pineapple Watermelon 4x250mL | 4 pack, $10.00, $10.00 per 1L, https://productimages.coles.com.au/productimages/5/5486362.jpg
Hardys VR Cabernet Sauvignon 1L | 1 Each, $8.00, $8.00 per 1L, https://productimages.coles.com.au/productimages/8/8247346.jpg
Coles Pulp Free Orange Juice Chilled | 2L, $5.50, $2.75 per 1L, https://productimages.coles.com.au/productimages/2/2690920.jpg
The Juice Brothers Troppo Juice | 1.5L, $6.00, $4.00 per 1L, https://productimages.coles.com.au/productimages/3/3418612.jpg
Schweppes Tonic Water Zero Sugar Mixers | 1.1L, $2.60, $2.36 per 1L, https://productimages.coles.com.au/productimages/3/3014828.jpg
Coles Unsweetened Almond Milk | 1L, $2.00, $2.00 per 1L, https://productimages.coles.com.au/productimages/1/1852210.jpg
Golden Circle Apple Splash Fruit Drink Lunch Box Multipack Poppers 6x250mL | 6 pack, $4.40, $2.93 per 1L, https://productimages.coles.com.au/productimages/2/212111.jpg
Carlton Mid Block Can 375mL | 30 Pack, $52.00, $0.46 per 100mL, https://productimages.coles.com.au/productimages/6/6747880.jpg
Uncle Tobys Yoghurt Muesli Bars Honeycomb 6 Pack | 185g, $5.00, $2.70 per 100g, https://productimages.coles.com.au/productimages/4/4974950.jpg
Coca-Cola Classic Soft Drink Multipack Cans 10 x 375mL | 10 pack, $8.75, $2.33 per 1L, https://productimages.coles.com.au/productimages/1/1849307.jpg
Oak Plus NSA Chocolate Flavoured Milk | 500mL, $3.70, $7.40 per 1L, https://productimages.coles.com.au/productimages/3/3900642.jpg
Gatorade Sports Drink Fierce Green Apple | 600mL, $2.30, $3.83 per 1L, https://productimages.coles.com.au/productimages/2/2485374.jpg
Victoria Bitter Rack Pack Bottle 750mL | 3 Pack, $18.50, $8.22 per 1L, https://productimages.coles.com.au/productimages/7/7392882.jpg
Coles Butcher Lamb Leg Roast Boneless | approx 1.08kg, $21.60, $20.00 per 1kg, https://productimages.coles.com.au/productimages/9/9206887.jpg
Vitasoy Unsweetened Almond UHT Milk 1L | 1L, $2.00, $2.00 per 1L, https://productimages.coles.com.au/productimages/2/2412734.jpg
Sanitarium Up&Go Liquid Breakfast Chocolate Ice 3X250mL | 750mL, $5.20, $6.93 per 1L, https://productimages.coles.com.au/productimages/7/7144632.jpg
Bulla Light Thickened Cream | 300mL, $3.50, $1.17 per 100mL, https://productimages.coles.com.au/productimages/5/5089012.jpg
Sprite Lemonade Soft Drink Bottle | 1.25L, $1.70, $1.36 per 1L, https://productimages.coles.com.au/productimages/4/401657.jpg
Pepsi Lemon Soft Drink Bottle | 1.25L, $2.85, $2.28 per 1L, https://productimages.coles.com.au/productimages/5/5485600.jpg
Perfect Italiano 4 Cheese Melt | 450g, $9.00, $20.00 per 1kg, https://productimages.coles.com.au/productimages/7/7602067.jpg
Carlton Draught Bottle 375mL | 24 Pack, $53.00, $5.89 per 1L, https://productimages.coles.com.au/productimages/1/15950.jpg
Golden Circle Tetra Drink Golden Pash 6x250mL | 6 pack, $4.40, $2.93 per 1L, https://productimages.coles.com.au/productimages/5/5127246.jpg
Uncle Tobys Plus Iron Cereal | 710g, $7.00, $0.99 per 100g, https://productimages.coles.com.au/productimages/2/2264524.jpg
Uncle Tobys Le Snak French Onion | 132g, $5.00, $3.79 per 100g, https://productimages.coles.com.au/productimages/3/3022371.jpg
Philadelphia Light Cream Cheese Tub | 250g, $5.70, $22.80 per 1kg, https://productimages.coles.com.au/productimages/3/350057.jpg
Uncle Tobys Chewy Apricot Wholegrain Oats Bars 6 Pack | 185g, $5.00, $2.70 per 100g, https://productimages.coles.com.au/productimages/4/4975181.jpg
Liddells Lactose Free 99% Low Fat Milk | 1L, $3.00, $3.00 per 1L, https://productimages.coles.com.au/productimages/7/7199055.jpg
Coca-Cola Zero Sugar Caffeine Free Soft Drink Bottle | 1.25L, $1.70, $1.36 per 1L, https://productimages.coles.com.au/productimages/3/3989555.jpg
Schweppes Zero Sugar Lemonade | 1.1L, $2.60, $2.36 per 1L, https://productimages.coles.com.au/productimages/3/3270238.jpg
Liddells Lactose Free Full Cream Milk | 1L, $3.00, $3.00 per 1L, https://productimages.coles.com.au/productimages/6/6706012.jpg
Continental Cup A Soup Homestyle Pumpkin Soup Serves 2 | 61g, $1.40, $2.30 per 100g, https://productimages.coles.com.au/productimages/2/2667655.jpg
Kettle Potato Chips Chilli | 300g, $5.50, $1.83 per 100g, https://productimages.coles.com.au/productimages/4/4992497.jpg
Oral-B Frozen Kids Toothpaste With Sugar Shield  3+ Years | 92g, $3.50, $3.80 per 100g, https://productimages.coles.com.au/productimages/3/3401744.jpg
Head & Shoulders Clean & Balanced Shampoo | 660mL, $10.50, $1.59 per 100mL, https://productimages.coles.com.au/productimages/3/3980175.jpg
Colgate Total Multi Benefit Toothpaste | 40g, $2.00, $5.00 per 100g, https://productimages.coles.com.au/productimages/3/3450488.jpg
Gaviscon Dual Action Chewable Tablets Heartburn & Indigestion Relief Peppermint | 16 pack, $6.50, $0.41 per 1ea, https://productimages.coles.com.au/productimages/6/6979172.jpg
Sanitarium Up&Go Liquid Breakfast Chocolate Ice Fridge Pack 12X250mL | 3L, $14.50, $4.83 per 1L, https://productimages.coles.com.au/productimages/8/8951356.jpg
Oral B Pro Health Advanced All Round Protection Toothpaste | 110g, $6.00, $5.45 per 100g, https://productimages.coles.com.au/productimages/3/3696182.jpg
Kettle Chilli Potato Chips  | 70g, $2.40, $3.43 per 100g, https://productimages.coles.com.au/productimages/2/2670060.jpg
Pringles Original Salted Stacked Potato Chips | 134g, $5.00, $3.73 per 100g, https://productimages.coles.com.au/productimages/2/2784047.jpg
Nestle KitKat Chunky Milk Chocolate Bar | 50g, $1.10, $2.20 per 100g, https://productimages.coles.com.au/productimages/2/2026118.jpg
Lindt Excellence Sea Salt  Dark Chocolate Block | 100g, $3.85, $3.85 per 100g, https://productimages.coles.com.au/productimages/7/7581841.jpg
Dove Rejuvenate Pomegranate Body Wash | 1L, $8.50, $0.85 per 100mL, https://productimages.coles.com.au/productimages/1/1299046.jpg
Coles Body Wash Guava & Peach | 1L, $4.00, $0.40 per 100mL, https://productimages.coles.com.au/productimages/5/5247521.jpg
Colgate Optic White Enamel Care Teeth Whitening Toothpaste With 1% Hydrogen Peroxide | 95g, $8.00, $8.42 per 100g, https://productimages.coles.com.au/productimages/1/1706172.jpg
Cadbury Milk Chocolate Melting Buttons | 225g, $3.50, $1.56 per 100g, https://productimages.coles.com.au/productimages/2/2313652.jpg
Nivea Men Deep Amazonia Aerosol | 250mL, $8.50, $3.40 per 100mL, https://productimages.coles.com.au/productimages/3/3820951.jpg
Thins Sour Cream & Chives Potato Chips | 175g, $4.70, $2.69 per 100g, https://productimages.coles.com.au/productimages/1/1721846.jpg
Hinata Short Grain Rice | 5kg, $30.00, $0.60 per 100g, https://productimages.coles.com.au/productimages/3/3947533.jpg
Cenovis Sugarless Vitamin C 500mg Tablets For Immunity | 160 pack, $13.35, $0.08 per 1ea, https://productimages.coles.com.au/productimages/3/3765445.jpg
Oral B Dental Science Densify Gentle Whitening Toothpaste | 90g, $10.00, $11.11 per 100g, https://productimages.coles.com.au/productimages/5/5934656.jpg
Vicks Nasal Spray Decongestant Inhaler | 0.5mL, $8.90, $8.90 per 1ea, https://productimages.coles.com.au/productimages/1/166116.jpg
Maharajah's Choice Calico Basmati Rice | 5kg, $23.00, $0.46 per 100g, https://productimages.coles.com.au/productimages/7/7210045.jpg
Libra Goodnights Ultra Thin Value Pack Pads | 20 pack, $8.50, $0.43 per 1ea, https://productimages.coles.com.au/productimages/9/9622021.jpg
Libra Liners Ultra Thin | 30 pack, $2.45, $0.08 per 1ea, https://productimages.coles.com.au/productimages/5/5058802.jpg
Coles Red Kidney Beans | 420g, $1.00, $2.38 per 1kg, https://productimages.coles.com.au/productimages/8/8075874.jpg
Nivea Men Shaving Gel for Sensitive Skin | 200mL, $7.50, $3.75 per 100mL, https://productimages.coles.com.au/productimages/8/8477914.jpg
Coles Vegetable Oil Blended | 750mL, $3.95, $0.53 per 100mL, https://productimages.coles.com.au/productimages/4/4574919.jpg
Dettol Antibacterial Foam Hand Wash Pump Rose and Cherry | 250mL, $3.50, $1.40 per 100mL, https://productimages.coles.com.au/productimages/9/9212450.jpg
Lindt Lindor Assorted Chocolate Balls Gift Box | 235g, $20.00, $8.51 per 100g, https://productimages.coles.com.au/productimages/8/8731258.jpg
Coles Cornflour | 300g, $1.35, $4.50 per 1kg, https://productimages.coles.com.au/productimages/7/7352902.jpg
Arnott's Cheds Crackers | 250g, $3.00, $1.20 per 100g, https://productimages.coles.com.au/productimages/3/329888.jpg
Coles White Sugar | 1kg, $1.70, $0.17 per 100g, https://productimages.coles.com.au/productimages/5/5422530.jpg
Coles Italian Whole Peeled Tomatoes | 400g, $1.10, $2.75 per 1kg, https://productimages.coles.com.au/productimages/9/9093215.jpg
Colgate Total Mint Stripe Multi Benefit Toothpaste | 200g, $6.00, $3.00 per 100g, https://productimages.coles.com.au/productimages/3/3400832.jpg
Old El Paso Taco Sauce Medium | 200g, $4.00, $2.00 per 100g, https://productimages.coles.com.au/productimages/2/291402.jpg
Coles Raw Sugar | 2 kg, $3.20, $0.16 per 100g, https://productimages.coles.com.au/productimages/5/5426156.jpg
Twisties Cheese | 90g, $1.35, $1.50 per 100g, https://productimages.coles.com.au/productimages/3/3706832.jpg
Double Phoenix Vermicelli Bean | 200g, $1.45, $0.73 per 100g, https://productimages.coles.com.au/productimages/3/3736924.jpg
Oral B 3D Whitening Stengthen Enamel Tooth Paste 190 Gram | 190g, $4.00, $2.11 per 100g, https://productimages.coles.com.au/productimages/5/5935502.jpg
Oral-B Pro Health Glide Floss 40m | 1 each, $6.00, $6.00 per 1ea, https://productimages.coles.com.au/productimages/1/1704461.jpg
Sensodyne Sensitivity Gum Extra Fresh Toothpaste | 100g, $8.60, $8.60 per 100g, https://productimages.coles.com.au/productimages/3/3677676.jpg
Arnott's Tim Tam Chewy Caramel Chocolate Biscuits | 175g, $2.25, $1.29 per 100g, https://productimages.coles.com.au/productimages/8/8655375.jpg
Oreo Creme Biscuits Double Stuff | 147g, $2.50, $1.70 per 100g, https://productimages.coles.com.au/productimages/3/3763122.jpg
Coles Extra Pads Regular With Wings | 16 pack, $2.20, $0.14 per 1ea, https://productimages.coles.com.au/productimages/3/3706821.jpg
Oral-B ALL Rounder Fresh Clean Toothbrush Medium  | 1 pack, $3.00, $3.00 per 1ea, https://productimages.coles.com.au/productimages/6/6988388.jpg
Dettol Profresh Shower Cream Milk & Honey | 950mL, $10.50, $1.11 per 100mL, https://productimages.coles.com.au/productimages/1/1878892.jpg
Oral B 3D Whitening Toothpaste Long Lasting Freshness | 190g, $4.00, $2.11 per 100g, https://productimages.coles.com.au/productimages/5/5935070.jpg
Arnott's Cruskits Original Crispbread | 125g, $2.75, $2.20 per 100g, https://productimages.coles.com.au/productimages/3/358682.jpg
Loacker Gran Pasticceria Tortina Biscuit Original | 126g, $5.00, $3.97 per 100g, https://productimages.coles.com.au/productimages/7/7220923.jpg
Arnott's Chocolate Coated Scotch Finger Biscuits | 250g, $2.25, $0.90 per 100g, https://productimages.coles.com.au/productimages/5/5514923.jpg
Coles Original Water Crackers | 125g, $0.95, $0.76 per 100g, https://productimages.coles.com.au/productimages/5/5389901.jpg
Kellogg's Coco Pops Chocolatey Breakfast Cereal | 375g, $7.00, $1.87 per 100g, https://productimages.coles.com.au/productimages/8/8490209.jpg
Peckish Cheese Rice Crackers | 100g, $2.50, $2.50 per 100g, https://productimages.coles.com.au/productimages/9/9999325.jpg
Annalisa BPA Free Diced Tomatoes | 400g, $1.70, $4.25 per 1kg, https://productimages.coles.com.au/productimages/5/5999775.jpg
Sunrice Jasmine Rice Cup 2 pack | 250g, $3.00, $1.20 per 100g, https://productimages.coles.com.au/productimages/8/8478509.jpg
Grainwaves Sour Cream & Chives Wholegrain Chips | 170g, $4.80, $2.82 per 100g, https://productimages.coles.com.au/productimages/3/3706741.jpg
Coles Durum Wheat Pasta Large Spirals | 500g, $1.00, $0.20 per 100g, https://productimages.coles.com.au/productimages/3/3329035.jpg
Telfast Hayfever Allergy Relief 180mg Antihistamine Tablets | 5 pack, $8.40, $1.68 per 1ea, https://productimages.coles.com.au/productimages/4/4248664.jpg
Listerine Freshburst Zero Mouthwash | 1L, $14.00, $1.40 per 100mL, https://productimages.coles.com.au/productimages/4/4849697.jpg
Arnott's Cream Favourites Assorted Biscuits | 500g, $4.80, $0.96 per 100g, https://productimages.coles.com.au/productimages/3/328874.jpg
Coles Long Grain Rice | 1kg, $1.40, $0.14 per 100g, https://productimages.coles.com.au/productimages/5/5357574.jpg
Uncle Tobys Muesli Bar Mixed Berry | 185g, $5.00, $2.70 per 100g, https://productimages.coles.com.au/productimages/5/5578020.jpg
Nivea Men Sensitive Protect Aerosol Antiperspirant Deodorant | 250mL, $8.50, $3.40 per 100mL, https://productimages.coles.com.au/productimages/1/1184612.jpg
Panadol Optizorb Paracetamol Tablets | 20 pack, $4.50, $0.23 per 1ea, https://productimages.coles.com.au/productimages/1/1486054.jpg
Twix Milk Chocolate Bar with Caramel Biscuit | 50g, $1.00, $2.00 per 100g, https://productimages.coles.com.au/productimages/6/6029901.jpg
Nescafe Mocha Coffee Sachets | 10 pack, $7.60, $0.76 per 1ea, https://productimages.coles.com.au/productimages/4/4461832.jpg
Coles Anti Bacterial Biodegradable Hand And Body Wipes | 30 pack, $2.60, $0.09 per 1ea, https://productimages.coles.com.au/productimages/4/4816927.jpg
Smith's Crinkle Cut Salt And Vinegar Potato Chips | 170g, $2.40, $1.41 per 100g, https://productimages.coles.com.au/productimages/2/2358286.jpg
Coles Cotton Wool Tips Paper Stem | 20 pack, $1.00, $0.05 per 1ea, https://productimages.coles.com.au/productimages/3/3751167.jpg
Coles Shower Cap | 1 pack, $2.00, $2.00 per 1ea, https://productimages.coles.com.au/productimages/3/3523413.jpg
Nivea Men Invisible Black & White Fresh Aerosol Antiperspirant Deodorant | 250mL, $8.50, $3.40 per 100mL, https://productimages.coles.com.au/productimages/3/3048896.jpg
Arnott's Marie Plain Biscuits | 250g, $2.50, $1.00 per 100g, https://productimages.coles.com.au/productimages/3/329006.jpg
Arnott's Shapes Chicken Crimpy Cracker Biscuits | 175g, $3.50, $2.00 per 100g, https://productimages.coles.com.au/productimages/8/8638285.jpg
Dove Antiperspirant Invisible Dry Roll On Deodorant For Men | 50mL, $4.50, $9.00 per 100mL, https://productimages.coles.com.au/productimages/1/1723466.jpg
Coles Cereal Corn Flakes | 475g, $1.90, $0.40 per 100g, https://productimages.coles.com.au/productimages/8/8728071.jpg
Colgate Total Charcoal Deep Clean Multi Benefit Toothpaste | 115g, $3.25, $2.83 per 100g, https://productimages.coles.com.au/productimages/3/3400990.jpg
Oral B Gum Care & Bacteria Defence Toothpaste | 110g, $10.00, $9.09 per 100g, https://productimages.coles.com.au/productimages/3/3978366.jpg
Lifesavers Blackcurrant Pastilles                                                                                                           | 180g, $4.00, $2.22 per 100g, https://productimages.coles.com.au/productimages/4/4952164.jpg
Macleans Extreme Clean White Toothpaste | 170g, $2.50, $1.47 per 100g, https://productimages.coles.com.au/productimages/4/4499530.jpg
Palmolive Milk & Honey Shower Gel | 500mL, $3.90, $0.78 per 100mL, https://productimages.coles.com.au/productimages/9/9071960.jpg
Colgate Slim Soft Charcoal Toothbrush | 1 pack, $3.00, $3.00 per 1ea, https://productimages.coles.com.au/productimages/1/1706081.jpg
Coles Kitchen Chicken Laksa Soup | 300g, $3.00, $1.00 per 100g, https://productimages.coles.com.au/productimages/4/4215790.jpg
Nurofen Ibuprofen 200mg Tablets Pain Relief | 24 pack, $5.40, $0.23 per 1ea, https://productimages.coles.com.au/productimages/9/9677985.jpg
CSR White Sugar | 1kg, $1.70, $0.17 per 100g, https://productimages.coles.com.au/productimages/1/120104.jpg
Oral B Pro Health Advance Whitening | 110g, $6.00, $5.45 per 100g, https://productimages.coles.com.au/productimages/2/2621097.jpg
Thins Chicken Potato Chips | 175g, $4.70, $2.69 per 100g, https://productimages.coles.com.au/productimages/6/6833950.jpg
Coles Revitalising Ocean Breeze Body Wash | 1L, $4.00, $0.40 per 100mL, https://productimages.coles.com.au/productimages/2/2292869.jpg
Bosistos Banksia Nerolina & Lavender Body Wash Pump | 1L, $16.00, $1.60 per 100mL, https://productimages.coles.com.au/productimages/4/4309791.jpg
Cadbury Picnic Chocolate Bar | 46g, $2.00, $4.35 per 100g, https://productimages.coles.com.au/productimages/1/136556.jpg
Red Rock Deli Lime & Pepper Potato Chips | 165g, $4.40, $2.67 per 100g, https://productimages.coles.com.au/productimages/1/1786193.jpg
Natural Chip Co. Sea Salt Potato Chips | 175g, $3.25, $1.86 per 100g, https://productimages.coles.com.au/productimages/1/1260302.jpg
Libra Extra Regular Pads | 14 pack, $3.50, $0.25 per 1ea, https://productimages.coles.com.au/productimages/2/2686004.jpg
Palmolive Gold Soap | 4 pack, $5.00, $1.39 per 100g, https://productimages.coles.com.au/productimages/5/5928755.jpg
Arnotts Biscuits Delta Creams | 250g, $3.00, $1.20 per 100g, https://productimages.coles.com.au/productimages/1/152880.jpg
Coles Lemon Juice | 500mL, $1.65, $0.03 per 10mL, https://productimages.coles.com.au/productimages/9/9069356.jpg
Suimin Chicken Noodle Noodle Cup | 70g, $1.85, $2.64 per 100g, https://productimages.coles.com.au/productimages/6/6861445.jpg
Oral B 3D White  2 In 1 Whitening Strengthens Enamel Paste | 110g, $5.50, $5.00 per 100g, https://productimages.coles.com.au/productimages/4/4866674.jpg
CC's Tasty Cheese Corn Chips | 175g, $3.25, $1.86 per 100g, https://productimages.coles.com.au/productimages/1/1795365.jpg
Rexona Men Antiperspirant Aerosol Deodorant Original | 250mL, $6.00, $2.40 per 100mL, https://productimages.coles.com.au/productimages/8/89106.jpg
Dettol Hand Sanitizer Original | 200mL, $7.50, $3.75 per 100mL, https://productimages.coles.com.au/productimages/5/5883318.jpg
Coles Beef Tender Blade Roast | approx 1kg, $16.00, $16.00 per 1kg, https://productimages.coles.com.au/productimages/5/5176004.jpg
Carman's Porridge Oats Sachets Blueberry Crumble | 240g, $5.00, $2.08 per 100g, https://productimages.coles.com.au/productimages/6/6158653.jpg
Provedore Pancetta Crumb | 100g, $4.00, $40.00 per 1kg, https://productimages.coles.com.au/productimages/3/3881694.jpg
Coles Bakery By Laurent Ciabatta Loaf | 1 each, $4.00, $4.00 per 1ea, https://productimages.coles.com.au/productimages/9/9895760.jpg
Australias Own Barista Macadamia Milk | 1L, $4.00, $4.00 per 1L, https://productimages.coles.com.au/productimages/3/3793510.jpg
Coles Bakery Super Soft Sesame Hamburger Rolls | 6 pack, $2.50, $0.42 per 1ea, https://productimages.coles.com.au/productimages/2/2563489.jpg
Coles Liquid Real Stock Chicken | 1L, $1.90, $0.19 per 100mL, https://productimages.coles.com.au/productimages/7/7152073.jpg
Campbell's Chunky Soup Can Roast Chicken & Vegetable | 505g, $4.50, $0.89 per 100g, https://productimages.coles.com.au/productimages/4/4915350.jpg
Coles Bakery Apple Crumble Scroll | 2 pack, $3.50, $1.75 per 1ea, https://productimages.coles.com.au/productimages/3/3575643.jpg
Mr Kipling Angel Slice 6 pack | 165g, $3.00, $1.82 per 100g, https://productimages.coles.com.au/productimages/2/2762237.jpg
Daley Street Medium/Dark Aluminium Nespresso Compatible Coffee Capsules | 10 pack, $3.25, $3.25 per each, https://productimages.coles.com.au/productimages/3/3745324.jpg
Real Gum Plastic Free Chewing Gum Peppermint | 22g, $2.00, $9.09 per 100g, https://productimages.coles.com.au/productimages/4/4969112.jpg
Coles Bakery Stone Baked Pane Di Casa Rolls | 4 pack, $3.75, $0.94 per 1ea, https://productimages.coles.com.au/productimages/1/1734666.jpg
Helga's Pumpkin Five Seed Bread | 720g, $4.90, $0.68 per 100g, https://productimages.coles.com.au/productimages/6/6009530.jpg
Coles Cinnamon Swirl | 2 pack, $2.90, $1.45 per 1ea, https://productimages.coles.com.au/productimages/7/7171464.jpg
Straten Small Cups 250mL | 20 pack, $2.25, $0.11 per 1ea, https://productimages.coles.com.au/productimages/3/3993632.jpg
Coles Banana Muffins | 9 Pack, $4.70, $0.52 per 1ea, https://productimages.coles.com.au/productimages/2/2728964.jpg
Cadbury Cherry Ripe Chocolate Bars Twin Pack | 80g, $1.80, $2.25 per 100g, https://productimages.coles.com.au/productimages/1/112773.jpg
Coles Mini Jam Donuts  | 6 pack, $3.60, $0.60 per 1ea, https://productimages.coles.com.au/productimages/7/7889392.jpg
Coles Brioche Loaf Sliced | 500g, $4.95, $0.99 per 100g, https://productimages.coles.com.au/productimages/3/3734940.jpg
Coles Chocolate Chip Muffins | 4 pack, $4.70, $1.18 per 1ea, https://productimages.coles.com.au/productimages/2/2409285.jpg
Coles Vanilla Slice 2 Pack | 270g, $5.00, $1.85 per 100g, https://productimages.coles.com.au/productimages/1/1734768.jpg
Coles Bakery Wholemeal Rolls | 6 pack, $2.50, $0.42 per 1ea, https://productimages.coles.com.au/productimages/5/5549145.jpg
Coles Bakery Custard Scroll | 2 pack, $3.50, $1.75 per 1ea, https://productimages.coles.com.au/productimages/3/3575665.jpg
Coles Margherita Pizza Rolls | 2 pack, $3.40, $1.70 per 1ea, https://productimages.coles.com.au/productimages/2/2151324.jpg
Coles Bakery Jam Lamingtons 6 Pack | 350g, $3.40, $0.97 per 100g, https://productimages.coles.com.au/productimages/1/1898903.jpg
Queen Victoria Lemon & Ginger Tea Bags | 10 pack, $1.30, $0.13 per 1ea, https://productimages.coles.com.au/productimages/3/3984653.jpg
Steggles Frozen Hot & Spicy Chicken Breast Tenders | 400g, $6.00, $15.00 per 1kg, https://productimages.coles.com.au/productimages/2/2719974.jpg
Coles Bakery Fresh Cream Chocolate Eclairs | 2 pack, $4.50, $2.25 per 1ea, https://productimages.coles.com.au/productimages/7/7801201.jpg
MEB Pita Khobz White 5 pack | 500g, $3.80, $0.76 per 100g, https://productimages.coles.com.au/productimages/6/6201050.jpg
Tic Tac Fruit | 49g, $3.20, $6.53 per 100g, https://productimages.coles.com.au/productimages/3/3956217.jpg
Coles Para Rapid | 20 pack, $2.70, $0.14 per 1ea, https://productimages.coles.com.au/productimages/3/3519562.jpg
Coles Stone Baked By Laurent Turkish Rolls | 3 pack, $3.75, $1.25 per 1ea, https://productimages.coles.com.au/productimages/3/3865541.jpg
Straten Patterned Lunch Serviettes | 50 pack, $2.70, $5.40 per 100ea, https://productimages.coles.com.au/productimages/2/2361430.jpg
Queen Victoria English Breakfast Tea Bags | 10 pack, $1.30, $0.13 per 1ea, https://productimages.coles.com.au/productimages/3/3984562.jpg
Cadbury Twirl Chocolate Bar | 58g, $1.80, $3.10 per 100g, https://productimages.coles.com.au/productimages/7/7156799.jpg
Coles Ibuprofen Mini Capsules Bottle | 25 pack, $2.50, $0.10 per 1ea, https://productimages.coles.com.au/productimages/3/3417937.jpg
Bundaberg Brewed Ginger Beer 6X200mL | 6 pack, $5.15, $4.29 per 1L, https://productimages.coles.com.au/productimages/3/3532797.jpg
Coles Kitchen Chicken & Vegetable Soup | 300g, currently unavailable, currently unavailable per each, https://productimages.coles.com.au/productimages/4/4215847.jpg
Coles Bakery Custard Pull Apart | 1 each, $4.25, $4.25 per 1ea, https://productimages.coles.com.au/productimages/3/3575687.jpg
Straten Large Cups | 20 pack, $3.15, $0.16 per 1ea, https://productimages.coles.com.au/productimages/2/2361350.jpg
Coles Bakery Apple Crumble Log | 1 each, $4.25, $4.25 per 1ea, https://productimages.coles.com.au/productimages/3/3575654.jpg
Coles Nature'S Kitchen Minestrone Soup | 300g, $3.00, $1.00 per 100g, https://productimages.coles.com.au/productimages/4/4215836.jpg
Birds Eye Frozen Cauliflower Rice | 500g, $4.95, $9.90 per 1kg, https://productimages.coles.com.au/productimages/3/3314162.jpg
Coles Indian Daal Makhani | 300g, $2.50, $0.83 per 100g, https://productimages.coles.com.au/productimages/3/3265282.jpg
Coles Chocolate Chip Brioche Rolls 8 Pack | 280g, $4.80, $1.71 per 100g, https://productimages.coles.com.au/productimages/3/3755452.jpg
Coles Crumpet Rounds 6 Pack | 300g, $2.00, $0.67 per 100g, https://productimages.coles.com.au/productimages/4/4723270.jpg
Coles Maple Pecan Plait | 2 pack, $2.90, $1.45 per 1ea, https://productimages.coles.com.au/productimages/7/7278865.jpg
Uncle Tobys Traditional Rolled Oats | 500g, $4.00, $0.80 per 100g, https://productimages.coles.com.au/productimages/2/299732.jpg
Latina Dy Pasta Sauce Italian Tomato Garlic | 700g, $7.50, $1.07 per 100g, https://productimages.coles.com.au/productimages/8/8999421.jpg
Coles White Chocolate & Macadamia Cookies | 6 pack, $3.50, $0.58 per 1ea, https://productimages.coles.com.au/productimages/8/8914972.jpg
Leggo's Tomato Ricotta & Spinach Pasta Bake Sauce | 500g, $4.00, $0.80 per 100g, https://productimages.coles.com.au/productimages/2/2683822.jpg
Coles Bakery Margherita Tear And Share | 1 each, $4.50, $4.50 per 1ea, https://productimages.coles.com.au/productimages/3/3912460.jpg
Praise Traditional Mayonnaise | 700g, $5.50, $0.79 per 100g, https://productimages.coles.com.au/productimages/1/169012.jpg
Coles Kitchen Beef Vegetable And Barley Soup | 300g, $3.00, $1.00 per 100g, https://productimages.coles.com.au/productimages/3/3766787.jpg
Cadbury Baking 70% Cocoa Dark Chocolate Block  | 180g, $3.50, $1.94 per 100g, https://productimages.coles.com.au/productimages/2/2516605.jpg
Uncle Tobys Quick Oats Porridge | 500g, $4.00, $0.80 per 100g, https://productimages.coles.com.au/productimages/1/152020.jpg
Campbell's Condensed Soup Can Cream Of Chicken | 420g, $2.20, $0.52 per 100g, https://productimages.coles.com.au/productimages/1/128999.jpg
Coles Bakery Multigrain Sandwich Loaf  | 680g, $2.70, $0.40 per 100g, https://productimages.coles.com.au/productimages/8/8145685.jpg
Mayver's Crunchy Natural Peanut Butter | 375g, $5.80, $1.55 per 100g, https://productimages.coles.com.au/productimages/2/2621632.jpg
Tip Top Sunblest Soft White Toast Bread | 650g, $4.00, $0.62 per 100g, https://productimages.coles.com.au/productimages/7/7953957.jpg
Continental Chicken Noodle Soup Serves 4 | 45g, $1.20, $2.67 per 100g, https://productimages.coles.com.au/productimages/1/129335.jpg
Bakery Du Jour Vegan Croissant 3 Pack | 168g, $2.25, $1.34 per 100g, https://productimages.coles.com.au/productimages/4/4147860.jpg
Coles Mini Croissants | 160g, $4.00, $2.50 per 100g, https://productimages.coles.com.au/productimages/9/9933564.jpg
Dilmah Pure Ceylon Premium Tea Bags 100 pack | 200g, $5.85, $0.06 per 1ea, https://productimages.coles.com.au/productimages/4/490012.jpg
Latina Dy Pasta Sauce Creamy Carbonara | 700g, currently unavailable, currently unavailable per each, https://productimages.coles.com.au/productimages/8/8999400.jpg
Carman's Natural 5 Grain & Super Seed Gourmet Porridge Sachets | 320g, $5.00, $1.56 per 100g, https://productimages.coles.com.au/productimages/2/2877104.jpg
Helga's White Wraps 8 pack | 508g, $5.00, $0.98 per 100g, https://productimages.coles.com.au/productimages/4/4461810.jpg
McKenzie's Whole Green Lentils | 375g, $2.30, $0.61 per 100g, https://productimages.coles.com.au/productimages/1/130050.jpg
Coles Iced Extra Chocolate Donuts | 6 pack, $3.25, $0.54 per 1ea, https://productimages.coles.com.au/productimages/4/4770531.jpg
Capilano Pure Honey Squeeze | 340g, $5.95, $1.75 per 100g, https://productimages.coles.com.au/productimages/2/2630269.jpg
Daley Street Medium/Dark Coffee Beans | 200g, $5.50, $2.75 per 100g, https://productimages.coles.com.au/productimages/3/3752534.jpg
Coles Bakery Boston Bun | 1 each, $2.50, $2.50 per 1ea, https://productimages.coles.com.au/productimages/3/3575508.jpg
Moccona Classic Medium Roast Instant Coffee | 200g, $19.50, $9.75 per 100g, https://productimages.coles.com.au/productimages/2/231251.jpg
Coles Soft White Sandwich | 650g, $2.70, $0.42 per 100g, https://productimages.coles.com.au/productimages/3/3627328.jpg
Helga's Traditional White Bread | 750g, $4.90, $0.65 per 100g, https://productimages.coles.com.au/productimages/5/5969945.jpg
Queen Victoria Vanilla Chai Tea Bags | 10 pack, $1.30, $0.13 per 1ea, https://productimages.coles.com.au/productimages/3/3984664.jpg
Nivea Black And White Clear Invisible Roll On Antiperspirant Deodorant | 50mL, $3.69, $7.38 per 100mL, https://productimages.coles.com.au/productimages/8/8445000.jpg
Carman's Fibre Rich Probiotic Honey & Almond | 240g, $5.00, $2.08 per 100g, https://productimages.coles.com.au/productimages/3/3741673.jpg
Dove Body Wash Triple Moisturising | 500mL, $7.00, $1.40 per 100mL, https://productimages.coles.com.au/productimages/3/3978730.jpg
Queen Victoria Peppermint Tea Bags | 10 pack, $1.30, $0.13 per 1ea, https://productimages.coles.com.au/productimages/3/3984610.jpg
Queen Victoria Honey & Vanilla Camomile Tea Bags | 10 pack, $1.30, $0.13 per 1ea, https://productimages.coles.com.au/productimages/3/3984609.jpg
Coles Bakery Custard Tarts 6 Pack | 360g, $5.75, $1.60 per 100g, https://productimages.coles.com.au/productimages/3/3639724.jpg
Daley Street Intese / Extreme Aluminium Nespresso Compatible Coffee Capsules | 10 pack, $3.25, $0.33 per 1ea, https://productimages.coles.com.au/productimages/4/4782100.jpg
Uncle Tobys Original Oats Quick Sachets 10 pack | 340g, $6.30, $1.85 per 100g, https://productimages.coles.com.au/productimages/9/9720268.jpg
Carman's Crunchy Clusters Cereal Honey | 750g, $6.00, $0.80 per 100g, https://productimages.coles.com.au/productimages/4/4967503.jpg
Coles Bakery Madeira Cake | 450g, $3.30, $0.73 per 100g, https://productimages.coles.com.au/productimages/5/5057311.jpg
Daley Street Intense Aluminium Nespresso Compatible Coffee Capsules | 10 pack, $3.25, $0.33 per 1ea, https://productimages.coles.com.au/productimages/3/3928663.jpg
Coles Bakery Snow Drops 8 Pack | 200g, $3.00, $1.50 per 100g, https://productimages.coles.com.au/productimages/5/5541530.jpg
Dilmah Pure Ceylon Extra Strength Tea Bags 100 pack | 240g, $7.50, $0.08 per 1ea, https://productimages.coles.com.au/productimages/9/9505163.jpg
Coles Bakery Super Soft Sesame Hot Dog Rolls | 6 pack, $2.50, $0.42 per 1ea, https://productimages.coles.com.au/productimages/2/2563740.jpg
Tip Top Sunblest White Bread | 650g, $4.00, $0.62 per 100g, https://productimages.coles.com.au/productimages/7/7953924.jpg
Nescafe Vanilla Latte Coffee Sachets | 10 pack, $7.60, $0.76 per 1ea, https://productimages.coles.com.au/productimages/4/4462846.jpg
Coles Bakery Apple Crown Danish | 2 pack, $2.90, $1.45 per 1ea, https://productimages.coles.com.au/productimages/7/7172172.jpg
Dari's Beef & Barley Soup | 550g, $6.85, $1.25 per 100g, https://productimages.coles.com.au/productimages/5/5062774.jpg
Coles Joyful Crunchy Nut Bar Almond & Salted Dark Chocolate 170g | 1 each, $4.00, $2.35 per 100g, https://productimages.coles.com.au/productimages/5/5446368.jpg
Campbell's Real Stock Chicken Stock | 500mL, $2.00, $0.40 per 100mL, https://productimages.coles.com.au/productimages/6/6149845.jpg
Mr Kipling Lemon Slices 6 Pack | 165g, $3.00, $1.82 per 100g, https://productimages.coles.com.au/productimages/1/1647164.jpg
Coles Bakery Cinnamon Bun | 1 each, $2.50, $2.50 per 1ea, https://productimages.coles.com.au/productimages/3/3575621.jpg
Dari's Lentil Soup | 550g, $6.85, $1.25 per 100g, https://productimages.coles.com.au/productimages/2/2885601.jpg
Green's Pancake Shake Mix Buttermilk | 325g, $3.50, $1.08 per 100g, https://productimages.coles.com.au/productimages/4/4663779.jpg
Continental Cup A Soup Chinese Chicken & Corn With Lots of Noodles Serves 2 | 66g, $1.40, $2.12 per 100g, https://productimages.coles.com.au/productimages/7/7978200.jpg
Lotus Biscoff Spread | 400g, $7.50, $1.88 per 100g, https://productimages.coles.com.au/productimages/3/3577219.jpg
Massel Gourmet Liquid Chicken Stock | 1L, $2.00, $0.20 per 100mL, https://productimages.coles.com.au/productimages/4/4455465.jpg
Uncle Tobys Oats Quick Sachets Creamy Vanilla | 350g, $6.30, $1.80 per 100g, https://productimages.coles.com.au/productimages/3/3992684.jpg
Coles Eucalyptus Disinfectant | 1.25L, $2.50, $0.20 per 100mL, https://productimages.coles.com.au/productimages/7/7450220.jpg
Continental Cup A Soup Chicken With Lots of Noodles Serves 2 | 60g, $1.40, $2.33 per 100g, https://productimages.coles.com.au/productimages/3/356472.jpg
Massel Chicken Style Stock Cubes | 105g, $3.40, $0.32 per 10g, https://productimages.coles.com.au/productimages/9/93737.jpg
Coopers Original Pale Ale Bottle 375mL | 24 Pack, $55.00, $0.61 per 100mL, https://productimages.coles.com.au/productimages/4/49665.jpg
Coles Pure Australian Honey Squeeze | 375g, $5.50, $1.47 per 100g, https://productimages.coles.com.au/productimages/7/7570029.jpg
Golden Fluffy & Delicious Waffles 5 pack | 275g, $7.00, $2.55 per 100g, https://productimages.coles.com.au/productimages/3/3190117.jpg
Glenfiddich 12YO Single Malt Scotch Whisky 700mL | 1 Each, $74.00, $105.72 per 1L, https://productimages.coles.com.au/productimages/1/1933629.jpg
Coles Beef Blade Roast | approx 1.42kg, $21.30, $15.00 per 1kg, https://productimages.coles.com.au/productimages/8/8601456.jpg
Ingham's Chicken Chippies | 400g, $5.80, $14.50 per 1kg, https://productimages.coles.com.au/productimages/6/6050828.jpg
Steggles Frozen Crumbed Chicken Breast Fingers | 400g, $6.00, $15.00 per 1kg, https://productimages.coles.com.au/productimages/6/6632528.jpg
Billson's Sour Blueberry Vodka Mixed Drink Can 355mL | 4 Pack, $28.00, $19.72 per 1L, https://productimages.coles.com.au/productimages/6/6177454.jpg
King Of Kings Prawn Fried Rice | 400g, $9.30, $2.33 per 100g, https://productimages.coles.com.au/productimages/4/4317235.jpg
Vadilal Bhindi Cuts | 312g, $2.40, $0.77 per 100g, https://productimages.coles.com.au/productimages/3/3606157.jpg
Coles Cookies & Cream Ice Cream Sandwich 4 Pack | 440 ml, $3.20, $0.73 per 100mL, https://productimages.coles.com.au/productimages/2/2426138.jpg
Coles Kitchen Cheese & Garlic Baguette | 250g, $2.60, $1.04 per 100g, https://productimages.coles.com.au/productimages/3/3766426.jpg
Coles Frozen Party Sausage Rolls 24 Pack | 900g, $7.50, $0.83 per 100g, https://productimages.coles.com.au/productimages/5/5216222.jpg
Bega Peanut Butter Smooth | 375g, $5.40, $1.44 per 100g, https://productimages.coles.com.au/productimages/1/130607.jpg
Dr. Oetker Frozen Ristorante Quattro Formaggi Pizza | 340g, $9.00, $2.65 per 100g, https://productimages.coles.com.au/productimages/7/7817904.jpg
Vegeta Gluten Free Real Gourmet Stock Powder Canned | 250g, $4.50, $1.80 per 100g, https://productimages.coles.com.au/productimages/1/134110.jpg
B Honey Squeeze | 300g, $6.50, $2.17 per 100g, https://productimages.coles.com.au/productimages/3/3789931.jpg
Four'N Twenty Frozen Jumbo Sausage Rolls 6 Pieces | 700g, $7.50, $1.07 per 100g, https://productimages.coles.com.au/productimages/5/5522488.jpg
Bulla Crunch Multi Flavoured Ice Cream Sticks 8 pack | 631mL, $8.00, $1.27 per 100mL, https://productimages.coles.com.au/productimages/5/5974719.jpg
Coles Vanilla Ice Cream Sandwich 4 Pack | 440mL, $3.20, $0.73 per 100mL, https://productimages.coles.com.au/productimages/2/2232528.jpg
Patties Frozen Party Sausage Rolls 12 pack | 450g, $9.50, $2.11 per 100g, https://productimages.coles.com.au/productimages/6/6868080.jpg
Mr Chen's Bbq Pork Dumplings | 700g, $16.00, $2.29 per 100g, https://productimages.coles.com.au/productimages/5/5288110.jpg
Coles RSPCA Approved Thai Green Chicken Curry with Long Grain Rice | 375g, $4.00, $1.07 per 100g, https://productimages.coles.com.au/productimages/6/6388256.jpg
Coles Frozen Whole Baby Beans | 500g, $3.10, $6.20 per 1kg, https://productimages.coles.com.au/productimages/8/8977575.jpg
McCain Family Pizza Pepperoni | 490g, $8.50, $1.73 per 100g, https://productimages.coles.com.au/productimages/4/4655475.jpg
Herbert Adams Frozen Chicken & Leek Pie 2 pack | 420g, $9.00, $2.14 per 100g, https://productimages.coles.com.au/productimages/7/7144734.jpg
Canadian Club Whisky 700mL | 1 Each, $45.00, $64.29 per 1L, https://productimages.coles.com.au/productimages/8/8331103.jpg
Wolf Blass Red Label Shiraz Cabernet 750mL | 1 Each, $7.00, $9.33 per 1L, https://productimages.coles.com.au/productimages/8/8234231.jpg
Coles Pancake Shake Mix Buttermilk | 350g, $1.80, $0.51 per 100g, https://productimages.coles.com.au/productimages/2/2517302.jpg
Dear Friend Mochi Okinawa | 240g, $12.00, $5.00 per 100g, https://productimages.coles.com.au/productimages/6/6281831.jpg
Coles Frozen Corn Cobs | 1kg, $4.50, $4.50 per 1kg, https://productimages.coles.com.au/productimages/2/293565.jpg
Dari's Creamy Pumpkin Soup | 550g, $6.85, $1.25 per 100g, https://productimages.coles.com.au/productimages/6/6257418.jpg
Family Fave's Southern Style Chicken Nuggets | 1kg, $21.50, $21.50 per 1kg, https://productimages.coles.com.au/productimages/4/4315568.jpg
Coles Frozen Meat Pies 4 Pack | 700g, $5.60, $0.80 per 100g, https://productimages.coles.com.au/productimages/5/5181729.jpg
Bulla Murray St Hazelnut Fudge 4 Pack | 400mL, $7.00, $1.75 per 100mL, https://productimages.coles.com.au/productimages/4/4455159.jpg
Bulla Creamy Classic Sandwich Neapolitan 4 pack | 560mL, $9.00, $1.61 per 100mL, https://productimages.coles.com.au/productimages/3/3847980.jpg
Wynns 'The Siding' Cabernet Sauvignon 750mL | 1 Each, $14.00, $18.67 per 1L, https://productimages.coles.com.au/productimages/8/8323218.jpg
Borgs Extra Puff Pastry Sheet | 1.6kg, $7.30, $0.46 per 100g, https://productimages.coles.com.au/productimages/7/7554474.jpg
Coles Sour Cream | 500g, $4.20, $0.84 per 100g, https://productimages.coles.com.au/productimages/3/3676980.jpg
Pacific West Frozen Cocktail Spring Rolls | 1kg, $9.00, $0.90 per 100g, https://productimages.coles.com.au/productimages/4/4675530.jpg
Sara Lee Classic French Vanilla Ice Cream | 1L, $8.50, $0.85 per 100mL, https://productimages.coles.com.au/productimages/5/5050130.jpg
Yoplait Strawberry Yoghurt | 1kg, $4.50, $0.45 per 100g, https://productimages.coles.com.au/productimages/5/5586017.jpg
Birds Eye Frozen Southern Blue Whiting Fish Fillets 6 Pack | 425g, $8.00, $18.82 per 1kg, https://productimages.coles.com.au/productimages/7/7407877.jpg
Coles Tempura Chicken Nuggets | 400g, $4.40, $11.00 per 1kg, https://productimages.coles.com.au/productimages/3/3182629.jpg
Bells Frozen Pure Bagged Ice | 5kg, $5.40, $1.08 per 1kg, https://productimages.coles.com.au/productimages/6/6893339.jpg
Bulla Frozen Multi Flavoured Yoghurt Sticks 8 pack | 472g, $8.00, $1.69 per 100g, https://productimages.coles.com.au/productimages/6/6749810.jpg
Dr. Oetker Frozen Ristorante Spinaci (Spinach) Pizza | 390g, $9.00, $2.31 per 100g, https://productimages.coles.com.au/productimages/7/7308048.jpg
Coles Chicken & Vegetable Pie 4 pack | 700g, $5.60, $0.80 per 100g, https://productimages.coles.com.au/productimages/1/1517839.jpg
I&J The Finest Frozen Basa Fillets | 1kg, $7.00, $7.00 per 1kg, https://productimages.coles.com.au/productimages/3/3580100.jpg
Birds Eye Frozen Peas Baby Whole | 500g, $4.00, $8.00 per 1kg, https://productimages.coles.com.au/productimages/6/6847127.jpg
Coles Frozen Convenience Meal With Macaroni Cheese | 375g, $4.00, $1.07 per 100g, https://productimages.coles.com.au/productimages/6/6115708.jpg
Birds Eye Snap Frozen Winter Vegetables | 1 kg, $6.50, $6.50 per 1kg, https://productimages.coles.com.au/productimages/2/2743254.jpg
Peters Drumstick Minis Super Choc & Caramel Nut Ice Cream 6 pack | 480mL, $6.50, $1.35 per 100mL, https://productimages.coles.com.au/productimages/2/2408293.jpg
Colgate Sensitive Pro Relief Multiprotection Toothpaste | 110g, $11.00, $10.00 per 100g, https://productimages.coles.com.au/productimages/8/8624032.jpg
Herbert Adams Frozen Gourmet Chunky Sous Vide Beef & Peppercorn Pies 2 pack | 400g, $9.00, $2.25 per 100g, https://productimages.coles.com.au/productimages/2/2900669.jpg
Coles Dairy Cheese Tasty | 1kg, $14.00, $14.00 per 1kg, https://productimages.coles.com.au/productimages/2/287609.jpg
Connoisseur Ice Cream Cookies & Cream 4 Pack | 400mL, $9.50, $2.38 per 100mL, https://productimages.coles.com.au/productimages/5/5019323.jpg
La Famiglia Garlic Bread | 400g, $4.50, $1.13 per 100g, https://productimages.coles.com.au/productimages/6/6146213.jpg
Peters Gluten Free Original Vanilla Ice Cream Tub | 4L, $8.70, $0.22 per 100mL, https://productimages.coles.com.au/productimages/5/5901329.jpg
Patties Frozen Party Pack 30 Pieces | 1.25kg, $16.90, $1.35 per 100g, https://productimages.coles.com.au/productimages/6/6079240.jpg
Patties Frozen Mini Combo Party Pies & Sausage Rolls 40 pack | 1kg, $16.90, $1.69 per 100g, https://productimages.coles.com.au/productimages/8/8949591.jpg
Coles Cheese Shredded Mozzarella | 250g, $5.00, $20.00 per 1kg, https://productimages.coles.com.au/productimages/9/9508026.jpg
Yoplait Zero French Vanilla Yoghurt | 1kg, $4.50, $0.45 per 100g, https://productimages.coles.com.au/productimages/9/9058101.jpg
Coles Natural Pot Set Yoghurt | 1kg, $4.50, $0.45 per 100g, https://productimages.coles.com.au/productimages/2/2273467.jpg
Meadow Lea Original Margarine Spread | 500g, $5.00, $1.00 per 100g, https://productimages.coles.com.au/productimages/1/138074.jpg
Nuttelex Buttery Spread | 500g, $4.70, $0.94 per 100g, https://productimages.coles.com.au/productimages/3/3056920.jpg
Dairy Farmers Buttermilk | 600mL, $3.05, $5.08 per 1L, https://productimages.coles.com.au/productimages/2/252739.jpg
Dare Triple Espresso Robusta & Arabica Iced Coffee | 500mL, $3.70, $7.40 per 1L, https://productimages.coles.com.au/productimages/3/3392370.jpg
Danone Yopro Perform Yoghurt Strawberry | 175g, $3.70, $2.11 per 100g, https://productimages.coles.com.au/productimages/4/4935008.jpg
Drumstick Ice Cream Super Choc 4Pack | 475mL, $6.50, $1.37 per 100mL, https://productimages.coles.com.au/productimages/5/5197274.jpg
Lucky Chicken Free Range Eggs 12 pack | 700g, $7.60, $1.09 per 100g, https://productimages.coles.com.au/productimages/2/2837132.jpg
Yoplait Petit Miam Mango Yoghurt Pouch | 70g, $0.80, $1.14 per 100g, https://productimages.coles.com.au/productimages/3/3536368.jpg
Coles Cream Cheese Spread Original | 250g, $3.10, $12.40 per 1kg, https://productimages.coles.com.au/productimages/7/7504647.jpg
Devondale Unsalted Pat Butter | 250g, $5.30, $2.12 per 100g, https://productimages.coles.com.au/productimages/1/1985917.jpg
Black Swan Hommus Dip | 200g, $4.00, $2.00 per 100g, https://productimages.coles.com.au/productimages/9/9580680.jpg
Coles Dairy Cheese Fetta Danish Style | 200g, $3.50, $17.50 per 1kg, https://productimages.coles.com.au/productimages/9/9808405.jpg
Connoisseur Ice Cream Belgian Chocolate | 1L, $12.00, $1.20 per 100mL, https://productimages.coles.com.au/productimages/8/8591487.jpg
Josh's Rainbow Free Range Eggs 18 Pack | 900g, $10.00, $1.11 per 100g, https://productimages.coles.com.au/productimages/5/5346590.jpg
Sunny Queen Free Range Big Brekkie Browns Eggs 12 pack | 820g, $8.60, $1.05 per 100g, https://productimages.coles.com.au/productimages/3/3428401.jpg
Dairylea Regular Cheese Slices 36 Pack | 648g, $10.00, $15.43 per 1kg, https://productimages.coles.com.au/productimages/5/5185821.jpg
Pace Farm Liberty Cage Free Eggs 15 Pack | 885g, $7.60, $0.86 per 100g, https://productimages.coles.com.au/productimages/7/7405383.jpg
Yakult Fermented Probiotic Milk 5 pack | 65mL, $4.00, $12.31 per 1L, https://productimages.coles.com.au/productimages/5/5484243.jpg
Big M Strawberry Flavoured Milk | 2L, $5.00, $2.50 per 1L, https://productimages.coles.com.au/productimages/5/5459938.jpg
Sunny Queen Free Range X Large Eggs 6 pack | 350g, $4.20, $1.20 per 100g, https://productimages.coles.com.au/productimages/5/5484210.jpg
Birds Eye Frozen Stir Fry Thai Vegetables | 500g, $4.50, $9.00 per 1kg, https://productimages.coles.com.au/productimages/6/6879123.jpg
Yoplait Petit Miam Vanilla Yoghurt Pouch | 70g, $0.80, $1.14 per 100g, https://productimages.coles.com.au/productimages/2/2744734.jpg
Black Swan Tzatziki Dip | 200g, $4.00, $2.00 per 100g, https://productimages.coles.com.au/productimages/9/9580657.jpg
KB Frozen Prawn Hargow | 750g, $17.00, $2.27 per 100g, https://productimages.coles.com.au/productimages/3/3051074.jpg
Bega Strong & Bitey Vintage Cheese Slices 15x250g | 250g, $7.00, $28.00 per 1kg, https://productimages.coles.com.au/productimages/9/9759365.jpg
Coles Lactose Free Full Cream Milk | 1L, $3.10, $3.10 per 1L, https://productimages.coles.com.au/productimages/2/2635444.jpg
Coles Light Greek Style Yoghurt | 1kg, $4.40, $0.44 per 100g, https://productimages.coles.com.au/productimages/2/2273489.jpg
Yoplait Vanilla Yoghurt | 1kg, $4.50, $0.45 per 100g, https://productimages.coles.com.au/productimages/8/8716913.jpg
Bega Tasty Block | 500g, $9.50, $19.00 per 1kg, https://productimages.coles.com.au/productimages/1/189712.jpg
Coles Deli Thawed Australian Cooked Black Tiger Prawns Medium | approx 250g, $6.50, $26.00 per 1kg, https://productimages.coles.com.au/productimages/2/2871877.jpg
Primo Prosciutto Boneless | approx 100g, $4.39, $43.90 per 1kg, https://productimages.coles.com.au/productimages/5/5601143.jpg
Deli Express Ivans Spinach Sundried Tomato & Feta Quiche | 180g, $5.40, $3.00 per 100g, https://productimages.coles.com.au/productimages/3/3075119.jpg
Royal International Prosciutto Di Parma 16month | 100g, $8.50, $8.50 per 100g, https://productimages.coles.com.au/productimages/4/4253540.jpg
Coles Deli  Semi Dried Tomatoes with Fresh Basil | approx 100g, $2.80, $28.00 per 1kg, https://productimages.coles.com.au/productimages/3/3067868.jpg
Fine Foods Sesame Wafer Crackers | 100g, $3.50, $3.50 per 100g, https://productimages.coles.com.au/productimages/2/2449847.jpg
Primo Bacon Style Pieces Twin Pack | 300g, $5.40, $18.00 per 1kg, https://productimages.coles.com.au/productimages/5/5946032.jpg
Coles Mild Chorizo Salami | approx 100g, $3.05, $30.50 per 1kg, https://productimages.coles.com.au/productimages/3/3174904.jpg
Don Crafted Cut Bacon Shortcut | 200g, $5.80, $29.00 per 1kg, https://productimages.coles.com.au/productimages/5/5009250.jpg
Coles Pepperoni | 200g, $6.90, $34.50 per 1kg, https://productimages.coles.com.au/productimages/2/2807120.jpg
Thomson's Deli Streaky Bacon | 200g, $4.10, $20.50 per 1kg, https://productimages.coles.com.au/productimages/3/3930450.jpg
Bertocchi Pepper Mortadella | approx 125g, $1.44, $11.50 per 1kg, https://productimages.coles.com.au/productimages/9/9777083.jpg
Coles Free Range Chicken Breast Carved Roast | 200g, $7.50, $37.50 per 1kg, https://productimages.coles.com.au/productimages/5/5487977.jpg
Coles Deli Thawed Australian MSC Raw Peeled Banana Prawn Meat | approx 250g, $11.50, $46.00 per 1kg, https://productimages.coles.com.au/productimages/3/3453293.jpg
Don Chicken Breast | 160g, $6.40, $40.00 per 1kg, https://productimages.coles.com.au/productimages/6/6284614.jpg
Hans Devon | approx 100g, $0.96, $9.60 per 1kg, https://productimages.coles.com.au/productimages/2/2076524.jpg
Royal International Tidbit Jamon Serrano | 80g, $5.80, $72.50 per 1kg, https://productimages.coles.com.au/productimages/4/4253529.jpg
Coles Original Posh Dogs 4 Pack | 300g, $6.00, $20.00 per 1kg, https://productimages.coles.com.au/productimages/3/3270012.jpg
Don Traditional Kabana | 200g, $5.80, $29.00 per 1kg, https://productimages.coles.com.au/productimages/9/9052375.jpg
Coles Dairy Olive Oil Spread | 500g, $3.80, $0.76 per 100g, https://productimages.coles.com.au/productimages/9/9641809.jpg
Primo Gluten Free Classic Kransky | 250g, $4.50, $18.00 per 1kg, https://productimages.coles.com.au/productimages/3/3053965.jpg
Primo Cafe Classics Sliced Chicken Schnitzel | 150g, $6.00, $40.00 per 1kg, https://productimages.coles.com.au/productimages/5/5003560.jpg
Coles Deli RSPCA Approved Chicken Nibbles Honey Soy | approx 70g, $0.53, $7.50 per 1kg, https://productimages.coles.com.au/productimages/7/7428265.jpg
Coles Foam Sponge Scourer | 6 pack, $2.50, $0.42 per 1ea, https://productimages.coles.com.au/productimages/6/6503831.jpg
Coles Pitted Kalamata Olives With Balsamic Vinegar | approx 100g, $2.00, $20.00 per 1kg, https://productimages.coles.com.au/productimages/6/6358663.jpg
Sunny Queen Free Range X-large Eggs 30 Pack | 1.75kg, $17.50, $1.00 per 100g, https://productimages.coles.com.au/productimages/5/5341257.jpg
Don Popcorn Bacon | 140g, $3.00, $21.43 per 1kg, https://productimages.coles.com.au/productimages/6/6286529.jpg
Primo Chilli Coated Salami  | approx 100g, $3.70, $37.00 per 1kg, https://productimages.coles.com.au/productimages/7/7006912.jpg
Primo Mortadella Slices | 100g, $3.70, $37.00 per 1kg, https://productimages.coles.com.au/productimages/3/3576690.jpg
Coles Multi Purpose Sponge Cloths | 3 pack, $1.00, $0.33 per 1ea, https://productimages.coles.com.au/productimages/4/4508084.jpg
Primo Cafe Beef Mild Fajita | 140g, $6.00, $42.86 per 1kg, https://productimages.coles.com.au/productimages/5/5008917.jpg
Coles BBQ Seasoned Shredded Chicken | approx100g, $2.80, $28.00 per 1kg, https://productimages.coles.com.au/productimages/1/1873039.jpg
Coles Thawed Half Shell Scallops Large | 1 each, $2.40, $2.40 per 1ea, https://productimages.coles.com.au/productimages/3/3512814.jpg
Viva Paper Towels | 6 pack, $9.00, $2.50 per 100ea, https://productimages.coles.com.au/productimages/3/3424251.jpg
Coles Ultra Disinfectant Bleach Cleaner | 1.25L, $2.30, $0.18 per 100mL, https://productimages.coles.com.au/productimages/7/7703563.jpg
Biozet Attack Regular Liquid | 2L, $24.00, $12.00 per 1L, https://productimages.coles.com.au/productimages/2/2688214.jpg
Thomson's Deli Middle Bacon | 1kg, $10.25, $10.25 per 1kg, https://productimages.coles.com.au/productimages/1/1028220.jpg
Coles Aluminium Foil Wrap 30m x 30cm | 30m, $5.80, $0.19 per 1M, https://productimages.coles.com.au/productimages/4/4486287.jpg
Don Pariser | approx 100g, $1.75, $17.50 per 1kg, https://productimages.coles.com.au/productimages/5/5186777.jpg
Glad Large Wavetop Kitchen Tidy Bags | 30 pack, $4.25, $0.14 per 1ea, https://productimages.coles.com.au/productimages/2/2832795.jpg
R & S Danube Black Forest Rare Roast Beef | approx 100g, $3.80, $38.00 per 1kg, https://productimages.coles.com.au/productimages/1/1091941.jpg
Primo Gluten Free Real Diced Bacon | 200g, $4.80, $24.00 per 1kg, https://productimages.coles.com.au/productimages/2/2739199.jpg
Provedore Prosciutto | 100g, $7.00, $70.00 per 1kg, https://productimages.coles.com.au/productimages/3/3269170.jpg
Coles Deli Express Roast Capsicum Strips | 130g, $3.50, $26.92 per 1kg, https://productimages.coles.com.au/productimages/5/5651120.jpg
Provedore Spanish Style Tapas | 90g, $6.00, $66.67 per 1kg, https://productimages.coles.com.au/productimages/5/5646844.jpg
Coles Pitted Green Olives With Thyme Garlic Red Wine | approx 100g, $1.60, $16.00 per 1kg, https://productimages.coles.com.au/productimages/6/6359495.jpg
Hercules Twinzip Sandwich Bags Large 22cm x 22cm | 25 pack, $2.85, $0.11 per 1ea, https://productimages.coles.com.au/productimages/5/5185843.jpg
Ajax Spray N Wipe Lemon Citrus 5 in 1 Multi Purpose Cleaner Trigger Pack | 500mL, $3.50, $0.70 per 100mL, https://productimages.coles.com.au/productimages/7/7432411.jpg
Fab Ultra Sunshine Fresh Top & Front Loader Laundry Powder | 2kg, $8.00, $4.00 per 1kg, https://productimages.coles.com.au/productimages/2/2464498.jpg
Coles Deli Thawed Peeled Garlic Prawns | approx 250g, $7.25, $29.00 per 1kg, https://productimages.coles.com.au/productimages/3/3165594.jpg
Glad To Be Green Plant Bio Based Kitchen Bags Mini | 40 pack, $5.00, $5.00 per each, https://productimages.coles.com.au/productimages/3/3779676.jpg
Coles Non Scratch Scourers Foam Sponge | 3 pack, $2.00, $0.67 per 1ea, https://productimages.coles.com.au/productimages/9/9872324.jpg
Icare 100% Recycled Toilet Tissue | 24 pack, $13.00, $0.30 per 100ea, https://productimages.coles.com.au/productimages/3/3799050.jpg
Jif Cream Cleanser Regular | 500mL, $4.00, $0.80 per 100mL, https://productimages.coles.com.au/productimages/3/3739219.jpg
Coles Deli  Green Olives with Chilli Garlic | approx 100g, $2.20, $22.00 per 1kg, https://productimages.coles.com.au/productimages/3/3067824.jpg
OMO Active Clean Front & Top Loader Laundry Detergent Washing Powder | 2kg, $26.00, $13.00 per 1kg, https://productimages.coles.com.au/productimages/2/2731561.jpg
White King Mould & Soap Scum Remover | 500mL, $5.50, $1.10 per 100mL, https://productimages.coles.com.au/productimages/2/2107821.jpg
Coles Finest Italian Style Pork Sausages | 500g, $8.00, $16.00 per 1kg, https://productimages.coles.com.au/productimages/1/1502219.jpg
Organic Choice Multi-Purpose Cleaner Trigger Spray | 500mL, $4.10, $0.82 per 100mL, https://productimages.coles.com.au/productimages/2/2747313.jpg
Multix Alfoil Super Strong | 15m, $6.00, $0.40 per 1M, https://productimages.coles.com.au/productimages/2/2855881.jpg
The Bare Bird Whole Chicken | approx 1.6kg, $13.60, $8.50 per 1kg, https://productimages.coles.com.au/productimages/3/3091126.jpg
Coles Mild Salami | 200g, $6.90, $34.50 per 1kg, https://productimages.coles.com.au/productimages/2/2807277.jpg
OB Finest Fig & Almond Crackers | 150g, $6.50, $4.33 per 100g, https://productimages.coles.com.au/productimages/3/3053058.jpg
Comfort Fabric Conditioner Pure White | 900mL, $10.00, $11.11 per 1L, https://productimages.coles.com.au/productimages/5/5006252.jpg
Don Crafted Cuts Grass Fed Roast Beef | 100g, $4.50, $45.00 per 1kg, https://productimages.coles.com.au/productimages/4/4253278.jpg
Glad To Be Green Plant Bio Based Kt Bags Medium | 30 pack, $5.00, $0.17 per 1ea, https://productimages.coles.com.au/productimages/3/3779494.jpg
Coles Non Scratch Scourer Cellulose Sponge | 3 pack, $2.00, $0.67 per 1ea, https://productimages.coles.com.au/productimages/2/2743582.jpg
Kleenex Aloe Vera & Vitamin E 3 Ply Facial Tissues Cube | 60 Pack, $3.00, $0.05 per 1ea, https://productimages.coles.com.au/productimages/5/5749166.jpg
Fine Foods Cracked Pepper Wafer Crackers | 100g, $3.50, $3.50 per 100g, https://productimages.coles.com.au/productimages/2/2452976.jpg
Glad To Be Green Plant Bio Based Kt Bags Large | 25 pack, $5.00, $0.20 per 1ea, https://productimages.coles.com.au/productimages/3/3779483.jpg
Glad Medium Wavetop Kitchen Tidy Bags | 40 pack, $4.25, $0.11 per 1ea, https://productimages.coles.com.au/productimages/2/2832820.jpg
Earth Choice Pure Soft Fabric Softener | 1L, $2.50, $2.50 per 1L, https://productimages.coles.com.au/productimages/5/5430233.jpg
Coles Disinfectant Lavender | 2L, $1.40, $0.07 per 100mL, https://productimages.coles.com.au/productimages/3/324137.jpg
Windex Glass Cleaner | 500mL, $4.80, $0.96 per 100mL, https://productimages.coles.com.au/productimages/1/110417.jpg
Chux Heavy Duty Scourer Scrub | 6 pack, $4.50, $0.75 per 1ea, https://productimages.coles.com.au/productimages/9/9884709.jpg
Coles Kitchen Tidy Drawstring Small | 25 pack, $2.50, $0.10 per 1ea, https://productimages.coles.com.au/productimages/6/6428849.jpg
Glad Extra Large Wavetop Kitchen Tidy Bags | 20 pack, $4.25, $0.21 per 1ea, https://productimages.coles.com.au/productimages/2/2832831.jpg
White King Lemon Bathroom Power Gel Cleaner | 750mL, $3.90, $0.52 per 100mL, https://productimages.coles.com.au/productimages/4/4430908.jpg
Multix Extra Wide Drawtight Garbage Bags 80cm x 70cm 56L | 20 pack, $4.50, $0.23 per 1ea, https://productimages.coles.com.au/productimages/5/5590342.jpg
Thomson's Deli Ham And Chicken Luncheon | 1kg, $3.50, $3.50 per 1kg, https://productimages.coles.com.au/productimages/1/1026564.jpg
Scrub Daddy Original | 1 each, $5.00, $5.00 per 1ea, https://productimages.coles.com.au/productimages/3/3838979.jpg
Coles Lemon Fresh Laundry Powder | 4kg, $5.00, $1.25 per 1kg, https://productimages.coles.com.au/productimages/4/4484929.jpg
Mon Pere Brie | approx 100g, $4.40, $44.00 per 1kg, https://productimages.coles.com.au/productimages/5/5362916.jpg
Coles Dish Brush | 1 pack, $1.75, $1.75 per 1ea, https://productimages.coles.com.au/productimages/9/9604631.jpg
Harpic Fresh Power Marine Splash Toilet Cleaner | 700mL, $3.50, $0.50 per 100mL, https://productimages.coles.com.au/productimages/3/3035045.jpg
Coles Aluminium Foil Wrap 30cm | 20 metre, $4.30, $0.22 per 1M, https://productimages.coles.com.au/productimages/3/3933958.jpg
Glad Cling Wrap 30m X 33cm | 30m, $3.25, $0.11 per 1M, https://productimages.coles.com.au/productimages/1/106282.jpg
Coles Deli Thawed MSC Smoked Cod Fillet | approx 200g, $2.60, $13.00 per 1kg, https://productimages.coles.com.au/productimages/2/222782.jpg
Hercules Twinzip Storage Bags Large 27cm x 33cm | 15 pack, $3.50, $0.23 per 1ea, https://productimages.coles.com.au/productimages/4/4582032.jpg
Earth Choice Green Tea & Lime Dishwashing Liquid Concentrate | 500mL, $3.25, $0.65 per 100mL, https://productimages.coles.com.au/productimages/4/4429465.jpg
Coles Super Strength Lemon Dishwashing Liquid | 1L, $2.30, $0.23 per 100mL, https://productimages.coles.com.au/productimages/7/7602974.jpg
Kleenex Allergy Comfort 3 Ply Facial Tissues | 85 pack, $2.60, $3.06 per 100ea, https://productimages.coles.com.au/productimages/3/3904122.jpg
Coles RSPCA Approved Chicken Tenders Southern Fried | 400g, $10.00, $25.00 per 1kg, https://productimages.coles.com.au/productimages/9/9243271.jpg
Glad To Be Green Plant Bio Based Kt Bags Small | 35 pack, $5.00, $0.14 per 1ea, https://productimages.coles.com.au/productimages/3/3779508.jpg
Canesten Laundry Hygiene Rinse Lemon | 2L, $13.50, $6.75 per 1L, https://productimages.coles.com.au/productimages/5/5086740.jpg
Coles White Serviettes | 50 pack, $1.29, $2.58 per 100ea, https://productimages.coles.com.au/productimages/2/2361451.jpg
Multix Non Stick Aluminium Foil Wrap 30cm | 10m, $3.20, $0.32 per 1M, https://productimages.coles.com.au/productimages/7/7895828.jpg
Finish Regular Rinse Aid For Drier & Shinier Dishes | 250mL, $8.00, $3.20 per 100mL, https://productimages.coles.com.au/productimages/1/116650.jpg
Coles Graze Grassfed Beef Scotch Fillet Steak | 250g, $13.00, $52.00 per 1kg, https://productimages.coles.com.au/productimages/3/3855286.jpg
Coles Gluten Free Beef Burgers Graze Grass Fed Oregano & Fresh Parsley | 500g, $9.00, $18.00 per 1kg, https://productimages.coles.com.au/productimages/2/2529470.jpg
Coles Grill Lamb Ribs In A Sticky BBQ Rub | 750g, $16.50, $22.00 per 1kg, https://productimages.coles.com.au/productimages/7/7876936.jpg
Ocean Blue Smoked Salmon | 350g, $16.00, $45.72 per 1kg, https://productimages.coles.com.au/productimages/3/3796664.jpg
Ocean Blue Sliced Smoked Salmon | 50g, $4.90, $98.00 per 1kg, https://productimages.coles.com.au/productimages/2/2846745.jpg
Coles Beef T Bone Steak | approx 500g, $15.00, $30.00 per 1kg, https://productimages.coles.com.au/productimages/3/3537575.jpg
Coles Free Range Pork Mince | 500g, $8.00, $16.00 per 1kg, https://productimages.coles.com.au/productimages/2/2741554.jpg
Cleaver's Beef Mince Free Range Extra Lean Organic                                                                                        | 500g, $13.50, $27.00 per 1kg, https://productimages.coles.com.au/productimages/9/9223332.jpg
Coles Tasmanian Salmon Portions Skin On | 280g, $12.00, $42.86 per 1kg, https://productimages.coles.com.au/productimages/2/2878130.jpg
Coles Made Easy Lamb Strips In Souvlaki Seasoning | 500g, $14.00, $28.00 per 1kg, https://productimages.coles.com.au/productimages/1/1496411.jpg
Coles Graze Lamb Backstrap | approx 300g, $14.40, $48.00 per 1kg, https://productimages.coles.com.au/productimages/3/3941898.jpg
Coles Finest Carbon Neutral Beef Mince | 500g, $10.50, $21.00 per 1kg, https://productimages.coles.com.au/productimages/4/4996647.jpg
Coles Finest Sausages Beef Garlic Parsley | 500g, $8.00, $16.00 per 1kg, https://productimages.coles.com.au/productimages/7/7346171.jpg
Coles No Added Hormone Beef mp Steak Half | 500g, $15.00, $30.00 per 1kg, https://productimages.coles.com.au/productimages/6/6331146.jpg
Drovers Choice Beef Rump Steak | 230g, $6.00, $26.09 per 1kg, https://productimages.coles.com.au/productimages/3/3855457.jpg
Vodka Cruiser Double Guava Can 375mL | 4 Pack, $25.00, $16.67 per 1L, https://productimages.coles.com.au/productimages/6/6327182.jpg
Rocco's Vienna Style Frankfurters | 450g, $8.00, $17.78 per 1kg, https://productimages.coles.com.au/productimages/3/3220921.jpg
Lindt Milk Chocolate Cornet | 333g, $12.00, $3.60 per 100g, https://productimages.coles.com.au/productimages/3/3856551.jpg
Coles RSPCA Approved Chicken Breast Tenders Plain Crumb | 400g, $8.00, $20.00 per 1kg, https://productimages.coles.com.au/productimages/5/5245990.jpg
Jamiesons Run Grazier Shiraz 750mL | 1 Each, $6.00, $8.00 per 1L, https://productimages.coles.com.au/productimages/2/2587160.jpg
Olga's Fine Foods Beef Chevapchichi | 400g, $4.25, $10.63 per 1kg, https://productimages.coles.com.au/productimages/6/6797878.jpg
Brown Brothers Moscato Rosa 750mL | 1 Each, $16.00, $21.33 per 1L, https://productimages.coles.com.au/productimages/8/8296002.jpg
Jim Beam Double Serve Can 375mL | 6 Pack, $34.00, $15.11 per 1L, https://productimages.coles.com.au/productimages/5/5037493.jpg
Jacob's Creek Chardonnay 750mL | 1 Each, $10.00, $13.33 per 1L, https://productimages.coles.com.au/productimages/8/8227101.jpg
Balter XPA Can 375mL | 4 Pack, $19.00, $1.27 per 100mL, https://productimages.coles.com.au/productimages/2/2918416.jpg
Wild Turkey & Cola 101 Can 375mL | 4 Pack, $32.00, $21.33 per 1L, https://productimages.coles.com.au/productimages/8/8565771.jpg
Kettle Natives Plum & Cheddar | 150g, $6.00, $4.00 per 100g, https://productimages.coles.com.au/productimages/5/5354179.jpg
Coles Australian Whiting Mini Fillets With Plain Crumb | 285g, $11.00, $38.60 per 1kg, https://productimages.coles.com.au/productimages/1/1589884.jpg
Coles RSPCA Approved Chicken Breast Fillet Crumb Sage & Rosemary | 400g, $10.00, $25.00 per 1kg, https://productimages.coles.com.au/productimages/2/2903871.jpg
Coles Made Easy Chicken Enchiladas With Beans & Cheese | 450g, $8.00, $17.78 per 1kg, https://productimages.coles.com.au/productimages/3/3024843.jpg
Continental Cup A Soup Creamy Mushroom with Croutons 2 pack | 50g, $1.40, $2.80 per 100g, https://productimages.coles.com.au/productimages/9/9151424.jpg
Coles Hot Smoked Salmon Natural | 150g, $8.50, $56.67 per 1kg, https://productimages.coles.com.au/productimages/3/3582081.jpg
Coles RSPCA Approved Chicken Breast Stir Fry                  | approx 700g, $11.20, $16.00 per 1kg, https://productimages.coles.com.au/productimages/2/2263292.jpg
Coles Beef Soup Bones Vac | approx 1.1kg, $7.70, $7.00 per 1kg, https://productimages.coles.com.au/productimages/4/4378772.jpg
Jim Beam White & Cola Can 375mL | 10 Pack, $47.00, $12.53 per 1L, https://productimages.coles.com.au/productimages/2/2554295.jpg
Lilydale Chicken Breast Schnitzel With Cauliflower & Herb Crumb | 400g, $11.50, $28.75 per 1kg, https://productimages.coles.com.au/productimages/4/4261312.jpg
Brilla Prosecco 750mL | 1 Each, $16.00, $2.13 per 100mL, https://productimages.coles.com.au/productimages/3/3573499.jpg
Asahi Super Dry Cans 500mL | 6 Pack, $27.00, $9.00 per 1L, https://productimages.coles.com.au/productimages/2/2515282.jpg
Bells Blended Scotch Whisky 700mL | 1 Each, $43.00, $61.43 per 1L, https://productimages.coles.com.au/productimages/8/8330122.jpg
Jack Daniels American Serve & Cola 250mL | 4 Pack, $33.00, $33.00 per 1L, https://productimages.coles.com.au/productimages/2/2824469.jpg
Coles RSPCA Approved Chicken Burgers Plain Crumb | 1.2kg, $14.00, $11.67 per 1kg, https://productimages.coles.com.au/productimages/2/2904025.jpg
WHISPERS WHISPERS PINK MOSCATO 750, $5.00, $0.67 per 100mL, https://productimages.coles.com.au/productimages/1/1948546.jpg
Wolf Blass Red Label Cabernet Merlot 750mL | 1 Each, $7.00, $9.33 per 1L, https://productimages.coles.com.au/productimages/8/8249421.jpg
Daybreak Soft Fruity White Cask 5L | 1 Each, $15.00, $3.00 per 1L, https://productimages.coles.com.au/productimages/7/7011945.jpg
Jameson Irish Whiskey 1L | 1 Each, $72.00, $72.00 per 1L, https://productimages.coles.com.au/productimages/8/8331759.jpg
Vodka Cruiser Wild Raspberry 275mL | 4 Pack, $20.00, $1.82 per 100mL, https://productimages.coles.com.au/productimages/1/1059621.jpg
Coles Graze Grassfed Beef Rump Steak | 300g, $9.00, $30.00 per 1kg, https://productimages.coles.com.au/productimages/3/3855275.jpg
Lilydale Free Range Chicken Breast Strips Crumbed | 400g, $10.50, $26.25 per 1kg, https://productimages.coles.com.au/productimages/2/2829622.jpg
Coles Finest Thick & Juicy Beef Burger 2 Pack | 300g, $7.50, $25.00 per 1kg, https://productimages.coles.com.au/productimages/5/5132676.jpg
Henninger Lager Can 500mL | 4 Pack, $14.00, $7.00 per 1L, https://productimages.coles.com.au/productimages/3/3365458.jpg
Coles RSPCA Approved Free Range Chicken Stir Fry | approx 575g, $11.50, $20.00 per 1kg, https://productimages.coles.com.au/productimages/3/3505954.jpg
Three Aussie Farmers Classic Aussie Banger Beef & Pork Sausage | 450g, $8.00, $17.78 per 1kg, https://productimages.coles.com.au/productimages/4/4469277.jpg
Lindemans Bin 95 Sauvignon Blanc 750mL | 1 Each, $8.00, $10.67 per 1L, https://productimages.coles.com.au/productimages/8/8235595.jpg
Coles Sliced Pork Belly With Sweet Soy Glaze | 300g, $8.00, $26.67 per 1kg, https://productimages.coles.com.au/productimages/5/5259644.jpg
Kettle Potato Chips Honey Baked Ham | 150g, $6.00, $4.00 per 100g, https://productimages.coles.com.au/productimages/5/5353697.jpg
Cleanskin Smooth & Round SEA Merlot 750mL | 1 Each, $5.50, $7.33 per 1L, https://productimages.coles.com.au/productimages/8/8274892.jpg
Absolut Vodka 200mL | 1 Each, $17.00, $85.00 per 1L, https://productimages.coles.com.au/productimages/8/8843171.jpg
Canadian Club Dry Can 375mL | 10 pack, $47.00, $12.53 per 1L, https://productimages.coles.com.au/productimages/2/2554386.jpg
Lindt Excellence Mango & Almond Chocolate Block | 100g, $3.85, $3.85 per 100g, https://productimages.coles.com.au/productimages/5/5092425.jpg
Carlton Dry Can 375mL | 8 Pack, $23.00, $7.67 per 1L, https://productimages.coles.com.au/productimages/4/4417568.jpg
Carlton Dry Can 375mL | 24 Pack, $52.00, $5.78 per 1L, https://productimages.coles.com.au/productimages/1/1576510.jpg
High Commissioner Blended Scotch Whisky 700mL | 1 Each, $42.00, $60.00 per 1L, https://productimages.coles.com.au/productimages/2/2982710.jpg
Continental Macaroni Cheese Pasta & Sauce Serves 3 | 105g, $2.00, $1.90 per 100g, https://productimages.coles.com.au/productimages/1/1416296.jpg
Jacob's Creek Cabernet Sauvignon 750mL | 1 Each, $10.00, $13.33 per 1L, https://productimages.coles.com.au/productimages/8/8321358.jpg
Coles RSPCA Approved Chicken Popcorn Southern Fried | 400g, $8.00, $20.00 per 1kg, https://productimages.coles.com.au/productimages/3/3476834.jpg
Hardys VR Merlot 1L | 1 Each, $8.00, $8.00 per 1L, https://productimages.coles.com.au/productimages/8/8245828.jpg
Carlton Draught Can 375mL | 24 Pack, $55.00, $0.61 per 100mL, https://productimages.coles.com.au/productimages/8/82891.jpg
Kettle Sweet Potato Chips Sea Salt | 135g, $4.80, $3.56 per 100g, https://productimages.coles.com.au/productimages/2/2796670.jpg
Kettle Natives Lemon Myrtle & Chicken 12 pack | 150g, $6.00, $4.00 per 100g, https://productimages.coles.com.au/productimages/5/5354168.jpg
Jacob's Creek Semillon Sauvignon Blanc 750mL | 1 Each, $10.00, $13.33 per 1L, https://productimages.coles.com.au/productimages/8/8233920.jpg
Kettle Original Sea Salt Potato Chips 5 pack | 92g, $4.15, $4.51 per 100g, https://productimages.coles.com.au/productimages/6/6290694.jpg
Jamiesons Run Grazier Cab Sauv 750mL | 1 Each, $6.00, $8.00 per 1L, https://productimages.coles.com.au/productimages/2/2587170.jpg
Uncle Tobys Chewy Muesli Bars White Choc Chip 6 Pack | 185g, $5.00, $2.70 per 100g, https://productimages.coles.com.au/productimages/4/4975217.jpg
Coles Finest Beef With Brisket Burger | 600g, $9.00, $15.00 per 1kg, https://productimages.coles.com.au/productimages/3/3034235.jpg
Daybreak Crisp Dry White 5L | 1 Each, $15.00, $3.00 per 1L, https://productimages.coles.com.au/productimages/1/1845408.jpg
Bulla Sour Cream | 400mL, $5.50, $1.38 per 100g, https://productimages.coles.com.au/productimages/3/3540638.jpg
Lindt Excellence Cranberry Almond & Hazelnut Dark Chocolate Block | 100g, $3.85, $3.85 per 100g, https://productimages.coles.com.au/productimages/3/3614610.jpg
Skyy Vodka 700mL | 1 Each, $44.00, $62.86 per 1L, https://productimages.coles.com.au/productimages/8/8330665.jpg
Maggi Fusian Mi Goreng Hot And Spicy Flavour Noodles 5 Pack | 365g, $5.50, $1.51 per 100g, https://productimages.coles.com.au/productimages/8/8097811.jpg
Sunrice Long Grain White Rice Cup 2 pack | 250g, $3.00, $1.20 per 100g, https://productimages.coles.com.au/productimages/7/7779816.jpg
XXXX Gold Can 375mL | 8 Pack, $19.00, $6.33 per 1L, https://productimages.coles.com.au/productimages/5/5502935.jpg
Zilzie Bulloak Pinot Noir 750mL | 1 Each, $6.00, $8.00 per 1L, https://productimages.coles.com.au/productimages/3/3021890.jpg
Absolut Vodka 1L | 1 Each, $68.00, $68.00 per 1L, https://productimages.coles.com.au/productimages/8/8329597.jpg
Hardys VR Shiraz 1L | 1 Each, $8.00, $8.00 per 1L, https://productimages.coles.com.au/productimages/8/8235540.jpg
Wolf Blass Red Label Reserve Tawny 750mL | 1 Each, $7.00, $9.33 per 1L, https://productimages.coles.com.au/productimages/8/8239789.jpg
Coles RSPCA Approved Chicken Livers | approx 600g, $5.40, $9.00 per 1kg, https://productimages.coles.com.au/productimages/1/1718058.jpg
Gordons Dry Gin 1L | 1 Each, $62.00, $62.00 per 1L, https://productimages.coles.com.au/productimages/8/8331329.jpg
Coles Beef Chevaps | 400g, $6.50, $16.25 per 1kg, https://productimages.coles.com.au/productimages/3/3034960.jpg
Vodka Cruiser Lush Guava 275mL | 4 Pack, $20.00, $1.82 per 100mL, https://productimages.coles.com.au/productimages/1/1059665.jpg
Maggi 2 Minute Noodles Chicken Single Cup | 60g, $1.80, $3.00 per 100g, https://productimages.coles.com.au/productimages/8/8109284.jpg
Yellow Tail Semillon Sauvignon Blanc 750mL | 1 Each, $10.00, $13.33 per 1L, https://productimages.coles.com.au/productimages/8/8271690.jpg
Vodka O 700mL | 1 Each, currently unavailable, currently unavailable per each, https://productimages.coles.com.au/productimages/1/1648076.jpg
Uncle Tobys Plus Fibre Breakfast Cereal | 430g, $6.50, $1.51 per 100g, https://productimages.coles.com.au/productimages/3/3789476.jpg
Cleanskin Soft & Smooth SEA Cabernet Merlot 750mL | 1 Each, $5.50, $7.33 per 1L, https://productimages.coles.com.au/productimages/8/8314590.jpg
Tamar Valley The Creamery Yoghurt Strawberries & Cream | 700g, $7.50, $1.07 per 100g, https://productimages.coles.com.au/productimages/4/4345015.jpg
Golden Circle 100% Orange Juice No Added Sugar Fruit Juices Oj | 2L, $3.50, $1.75 per 1L, https://productimages.coles.com.au/productimages/5/5487445.jpg
Wild Turkey Kentucky Straight Bourbon Whiskey 700mL | 1 Each, $59.00, $84.29 per 1L, https://productimages.coles.com.au/productimages/8/8329327.jpg
Uncle Tobys Cheerios Multigrains Cereal | 580g, $3.75, $0.65 per 100g, https://productimages.coles.com.au/productimages/1/1175145.jpg
Coles Finest By Laurent Rye Sourdough Rolls | 3 pack, $4.00, $1.33 per 1ea, https://productimages.coles.com.au/productimages/3/3467345.jpg
Love'em Grain Free Dog Treats Beef Jerky With Tomato | 200g, $7.00, $3.50 per 100g, https://productimages.coles.com.au/productimages/3/3875148.jpg
Whiskas Kitten Chicken And Tuna Adult Dry Cat Food | 800g, $5.20, $0.65 per 100g, https://productimages.coles.com.au/productimages/3/3871908.jpg
Fancy Feast Savory Centers Chicken Pate Cat Food | 85g, $2.60, $3.06 per 100g, https://productimages.coles.com.au/productimages/3/3755816.jpg
Maggi 2 Minute Noodles Chicken Cup 4 Pack | 240g, $8.00, $3.33 per 100g, https://productimages.coles.com.au/productimages/8/8100950.jpg
Pets Own Dog & Puppy Milk | 1L, $4.25, $0.43 per 100mL, https://productimages.coles.com.au/productimages/3/3863014.jpg
Nature's Gift Adult Chilled Fresh Dog Food Deli Roll Kangaroo Sweet Potato & Peas | 1.4kg, $6.00, $0.43 per 100g, https://productimages.coles.com.au/productimages/2/2749603.jpg
Coles With Ocean Fishadult Dry Cat Food With Ocean Fish | 1kg, $4.00, $0.40 per 100g, https://productimages.coles.com.au/productimages/5/5095092.jpg
Nature's Gift Adult All Breeds Wet Dog Food Casserole Gravy Kangaroo & Vegetables | 700g, $2.80, $0.40 per 100g, https://productimages.coles.com.au/productimages/3/3320642.jpg
Kiddylicious Strawberry Fruit Wriggles 12+ Months | 12g, $2.20, $18.33 per 100g, https://productimages.coles.com.au/productimages/2/2365099.jpg
Purr Cat Food With Chicken Mince | 400g, $1.80, $0.45 per 100g, https://productimages.coles.com.au/productimages/4/4986246.jpg
Purina One Succulent Chicken In Gravy Urinary Care Cat Food Pouch | 70g, $2.30, $3.29 per 100g, https://productimages.coles.com.au/productimages/3/3557936.jpg
Bow Wow Beef & Kangaroo Roll Dog Treats | 1 pack, $3.50, $3.50 per 1ea, https://productimages.coles.com.au/productimages/7/7530997.jpg
Pets Own Cat & Kitten Milk | 1L, $4.50, $0.45 per 100mL, https://productimages.coles.com.au/productimages/3/3863069.jpg
My Dog With Gourmet Beef And Roast Vegetable Flavour Dry Dog Food | 1.5kg, $13.00, $0.87 per 100g, https://productimages.coles.com.au/productimages/3/3014442.jpg
Rafferty's Garden Pumpkin & Spinach Pasta Bake Baby Food Prebiotics Pouch 6+ Months | 120g, $2.15, $1.79 per 100g, https://productimages.coles.com.au/productimages/3/3766460.jpg
Fancy Feast Royale Broths Tuna Surimi & Prawn Cat Food 4x40g | 4 pack, $6.00, $3.75 per 100g, https://productimages.coles.com.au/productimages/4/4503681.jpg
Woofin Good Chunks In Gravy Beef Rice & Veg Dog Food | 720g, $3.00, $0.42 per 100g, https://productimages.coles.com.au/productimages/3/3700326.jpg
Optimum Dry Cat Food 2-12 Months Kitten With Chicken | 800g, $9.50, $1.19 per 100g, https://productimages.coles.com.au/productimages/3/3250810.jpg
Bow Wow Gluten Free Chicken Sweet Potato Carrot and Pumpkin Super Snacks | 5 pack, $5.00, $1.00 per 1ea, https://productimages.coles.com.au/productimages/3/3452745.jpg
Fancy Feast Royale Broths Tuna Whitebait Cat Food | 40g, $1.60, $4.00 per 100g, https://productimages.coles.com.au/productimages/8/8998054.jpg
Heinz Berry Nice Baby Food 8+ Months Mashed | 120g, $1.80, $1.50 per 100g, https://productimages.coles.com.au/productimages/3/3511968.jpg
Heinz Mango & Vanilla Custard Pouch 8M+ | 120g, $1.80, $1.50 per 100g, https://productimages.coles.com.au/productimages/3/3760408.jpg
Coles Tuna Adult Cat Food | 400g, $1.75, $0.44 per 100g, https://productimages.coles.com.au/productimages/2/2289004.jpg
Purr Cat Food Chickn Egg Veg In Gravy | 85g, $1.20, $1.41 per 100g, https://productimages.coles.com.au/productimages/7/7582050.jpg
Rafferty's Garden Pumpkin Apple & Sweetcorn and Nothing Else Baby Food Puree Pouch 4+ Months | 120g, $2.15, $1.79 per 100g, https://productimages.coles.com.au/productimages/6/6027087.jpg
Bellamy's Organic Apple & Cinnamon Baby Porridge Cereal Pouch 6+ Months | 125g, $4.40, $3.52 per 100g, https://productimages.coles.com.au/productimages/6/6448799.jpg
Coles Cat Food Pouch Poultry Variety 12x85g | 12 pack, $6.00, $0.59 per 100g, https://productimages.coles.com.au/productimages/3/3707755.jpg
My Dog Roast Chicken Flavour Including Garden Vegetables Cheddar Cheese And Bacon Flavours Dry Dog Food | 1.5kg, $13.00, $0.87 per 100g, https://productimages.coles.com.au/productimages/3/3014431.jpg
Johnson's Baby Oil | 200mL, $6.50, $3.25 per 100mL, https://productimages.coles.com.au/productimages/1/135804.jpg
Fancy Feast Medleys Tuna Tuscany Cat Food | 85g, $2.30, $2.71 per 100g, https://productimages.coles.com.au/productimages/4/4492224.jpg
Optimum Adult Lamb & Rice Dog Food | 700g, $3.50, $0.50 per 100g, https://productimages.coles.com.au/productimages/4/4190906.jpg
Felix Agail Cat Food Ocean Menu 85g | 24 pack, $22.00, $1.08 per 100g, https://productimages.coles.com.au/productimages/5/5027570.jpg
My Dog Classic Loaf With Tender Chicken 24X100G Wet Dog Food | 24 pack, $27.00, $1.13 per 100g, https://productimages.coles.com.au/productimages/3/3870880.jpg
Bellamy's Organic Banana & Apple Porridge Puree 4+ Months | 120g, $2.30, $1.92 per 100g, https://productimages.coles.com.au/productimages/2/2153352.jpg
Only Organic Sweet Potato Lamb & Couscous Baby Food Pouch 10+ Months | 170g, $2.90, $1.71 per 100g, https://productimages.coles.com.au/productimages/3/3499771.jpg
Fussy Cat Grain Free Crunchers Adult Cat Treats With Beef & Liver | 100g, $3.50, $3.50 per 100g, https://productimages.coles.com.au/productimages/4/4201897.jpg
Nature's Gift "Adult All Breeds Wet Dog Food Casserole Gravy Lamb | 700g, $2.80, $0.40 per 100g, https://productimages.coles.com.au/productimages/3/3320631.jpg
Whiskas Favourites Chicken In Gravy Cat Food 12x85g | 12 pack, $12.00, $1.18 per 100g, https://productimages.coles.com.au/productimages/5/5172615.jpg
Babylove Sleepy Nights Pants Convenience 2-4 Years | 12 pack, $11.00, $0.92 per 1ea, https://productimages.coles.com.au/productimages/2/2847373.jpg
Whole Kids Organic Cookies Apple 4 Pack | 80g, $4.80, $6.00 per 100g, https://productimages.coles.com.au/productimages/2/2801667.jpg
Fancy Feast Creamy Delights With Pate Chicken Cat Food | 85g, $1.30, $1.53 per 100g, https://productimages.coles.com.au/productimages/4/4492111.jpg
Pedigree Dentastix Small Dog Treats Daily Oral Care Dental Chews | 7 pack, $3.25, $0.46 per 1ea, https://productimages.coles.com.au/productimages/4/4257982.jpg
CUB Apple & Raisin Fruit & Oat Bar 6x15g | 90g, $2.75, $3.06 per 100g, https://productimages.coles.com.au/productimages/3/3757640.jpg
Vitapet Chicken Wrapped Rawhide Mini Bones | 7 pack, $11.00, $1.57 per 1ea, https://productimages.coles.com.au/productimages/1/1853790.jpg
Nestle Cerelac Baby Rice Cereal Stage 1 | 200g, $6.00, $3.00 per 100g, https://productimages.coles.com.au/productimages/7/7760476.jpg
Dine Fresh And Fine Chunks In Gravy With Salmon And Tuna Cat Food Pouch 6x50g | 6 pack, $6.00, $2.00 per 100g, https://productimages.coles.com.au/productimages/4/4503637.jpg
Bellamy's Organic  Vanilla & Pear Custard With Chia Seeds 8 + Months | 120g, $2.30, $1.92 per 100g, https://productimages.coles.com.au/productimages/3/3292809.jpg
Only Organic Apple Coconut And Flaxseed Biscuit With Prebiotics 10+ Months | 100g, $5.50, $5.50 per 100g, https://productimages.coles.com.au/productimages/4/4162999.jpg
Dine Classic Terrine With Chicken Cat Food Multipack 7x85g | 7 pack, $7.20, $1.21 per 100g, https://productimages.coles.com.au/productimages/4/4504403.jpg
Coles Meat Variety Cat Food Pouch 12x85g | 12 pack, $6.00, $0.59 per 100g, https://productimages.coles.com.au/productimages/3/3707744.jpg
Pet Treat Bar Berry Love Biscuits | approx 100g, currently unavailable, currently unavailable per each, https://productimages.coles.com.au/productimages/5/5487933.jpg
Coles Cat Food Pouch Fish Variety 85g | 12 pack, $6.00, $0.59 per 100g, https://productimages.coles.com.au/productimages/3/3707733.jpg
Temptations Tantalising Turkey Flavour Cat Treats | 85g, $3.50, $4.12 per 100g, https://productimages.coles.com.au/productimages/3/3566314.jpg
Huggies Ultra Dry Nappies Boys Size 5 (13-18kg) | 32 pack, $16.00, $0.50 per 1ea, https://productimages.coles.com.au/productimages/6/6802559.jpg
Schmackos Strapz Dog Treats With Hickory Smoked Ham | 200g, $6.00, $3.00 per 100g, https://productimages.coles.com.au/productimages/5/5488481.jpg
Nestle NAN Optipro 3 Premium Toddler Milk Drink Powder From 1 Year  | 800g, $23.00, $2.88 per 100g, https://productimages.coles.com.au/productimages/4/4161996.jpg
Nestle Cerelac Oats & Wheat with Prune Baby Cereal Stage 2 | 200g, $6.00, $3.00 per 100g, https://productimages.coles.com.au/productimages/3/3567099.jpg
Bellamy's Organic Apple & Pear Baby Snacks | 20g, $3.90, $19.50 per 100g, https://productimages.coles.com.au/productimages/6/6448824.jpg
Fussy Cat Grain Free Adult Chilled Fresh Cat Food Fine Mince with Chicken | 70g, $2.00, $2.86 per 100g, https://productimages.coles.com.au/productimages/3/3576410.jpg
Chandler Original Clay Cat Litter | 7L, $7.90, $1.13 per 1L, https://productimages.coles.com.au/productimages/4/400326.jpg
Johnson's Baby Conditioning Shampoo | 500mL, $12.50, $2.50 per 100mL, https://productimages.coles.com.au/productimages/8/8593176.jpg
Applaws Tuna Fillet Canned Cat Food | 70g, $2.20, $3.14 per 100g, https://productimages.coles.com.au/productimages/8/8968360.jpg
Only Organic Teething Rusks 6+ Months | 100g, $3.10, $3.10 per 100g, https://productimages.coles.com.au/productimages/8/8987772.jpg
4 Legs Wellness Boost With Kangaroo Vegies & Fruit Meatballs Dog Food Tray | 870g, $7.80, $0.90 per 100g, https://productimages.coles.com.au/productimages/3/3833658.jpg
CUB Junior Nappy Pants Size 6 | 21 pack, $9.50, $0.45 per 1ea, https://productimages.coles.com.au/productimages/3/3720899.jpg
Breeders Choice Cat Litter Paper | 24L, $28.00, $1.17 per 1L, https://productimages.coles.com.au/productimages/8/8811550.jpg
Rafferty's Garden Red Lentil Carrot & Sweet Potato 8+ Months  | 120g, $2.15, $1.79 per 100g, https://productimages.coles.com.au/productimages/3/3620453.jpg
Heinz Simply Custard Banana 6+ Months | 120g, $1.80, $1.50 per 100g, https://productimages.coles.com.au/productimages/7/7916098.jpg
Whiskas Sardine And Tuna 7+ Years Dry Cat Food | 800g, $5.20, $0.65 per 100g, https://productimages.coles.com.au/productimages/3/3871941.jpg
Mighty Bellies Puffcorn Cheese Flavoured | 30g, $4.75, $15.83 per 100g, https://productimages.coles.com.au/productimages/5/5055860.jpg
Only Organic Lentils Vegetables Barley & Coconut Baby Food Pouch 10+ Month | 170g, $2.90, $1.71 per 100g, https://productimages.coles.com.au/productimages/5/5044091.jpg
V Energy Drink Blue Can | 500mL, $3.85, $7.70 per 1L, https://productimages.coles.com.au/productimages/1/1256145.jpg
Heinz Oaty Licious Baby Food 8+ Months Mashed | 120g, $1.80, $1.50 per 100g, https://productimages.coles.com.au/productimages/3/3511980.jpg
Nestle Nan Supremepro 2 Premium Baby Follow-on Formula Powder From 6 to 12 Months | 800g, $36.00, $4.50 per 100g, https://productimages.coles.com.au/productimages/4/4161690.jpg
Nature's Gift Puppy Chilled Fresh Dog Food Meatballs with Chicken & Garden Vegetables | 650g, $4.80, $0.74 per 100g, https://productimages.coles.com.au/productimages/4/4308890.jpg
Heinz Little Kids Banana Mango Muesli With Greek Style Yoghurt | 150g, $1.80, $1.20 per 100g, https://productimages.coles.com.au/productimages/1/1848155.jpg
Coles Soft Drink Diet Raspberry | 1.25L, $0.90, $0.72 per 1L, https://productimages.coles.com.au/productimages/3/3813785.jpg
My Dog Classic Loaf With Sardine Tuna & Spring Vegetables Can Wet Dog Food | 400g, $3.00, $0.75 per 100g, https://productimages.coles.com.au/productimages/8/8091123.jpg
Kiddylicious Wafers Blueberry 4x4g | 16g, $3.20, $20.00 per 100g, https://productimages.coles.com.au/productimages/3/3998013.jpg
Huggies Drynites Night Pants Girls Size 8-15 Years | 8 pack, $12.00, $1.50 per 1ea, https://productimages.coles.com.au/productimages/5/5064146.jpg
Heinz Simply 6m+ Vanilla Custard Pouch | 120g, $1.80, $1.50 per 100g, https://productimages.coles.com.au/productimages/3/3025063.jpg
Rafferty's Garden Beef Quinoa Tomato & Corn 12+ Months | 200g, $3.00, $1.50 per 100g, https://productimages.coles.com.au/productimages/5/5048569.jpg
Rafferty's Garden Apple Pear & Cinnamon Porridge Baby Food Pouch 6+ Months | 120g, $2.15, $1.79 per 100g, https://productimages.coles.com.au/productimages/3/3609803.jpg
Only Organic Beef Bolognese Pasta 1-5 Years | 220g, $2.50, $1.14 per 100g, https://productimages.coles.com.au/productimages/2/2134325.jpg
Whiskas 1+ Years Wet Cat Food Ocean Fish Loaf Can | 400g, $2.60, $0.65 per 100g, https://productimages.coles.com.au/productimages/2/283550.jpg
Mighty Bellies Brown Rice Cripsy Bars Cocoa | 6 pack, $6.25, $1.04 per 1ea, https://productimages.coles.com.au/productimages/5/5055994.jpg
Rafferty's Garden Lamb Couscous & Spring Vegetables 12+ Months | 200g, $3.00, $1.50 per 100g, https://productimages.coles.com.au/productimages/5/5047090.jpg
CUB Baby Cotton Buds | 60 pack, $2.50, $0.21 per 1kgM, https://productimages.coles.com.au/productimages/3/3754187.jpg
Rafferty's Garden Spinach Apple Broccoli & Pea and Nothing Else Baby Food Puree Pouch 4+ Months | 120g, $2.15, $1.79 per 100g, https://productimages.coles.com.au/productimages/6/6027076.jpg
Pepsi Soft Drink Cola Max | 24 pack, $19.00, $2.11 per 1L, https://productimages.coles.com.au/productimages/7/7366022.jpg
Only Organic Kindy 1-5 Years Vegetable Macaroni & Cheese Pasta Express | 220g, $2.50, $1.14 per 100g, https://productimages.coles.com.au/productimages/2/2134347.jpg
Little Bellies Fiddlesticks Cheese | 12g, $2.00, $16.67 per 100g, https://productimages.coles.com.au/productimages/3/3035351.jpg
Heinz Pureed Fruity Apples 4+ Months Glass Jar | 110g, $1.00, $0.91 per 100g, https://productimages.coles.com.au/productimages/1/114779.jpg
Johnson's Baby Top-To-Toe Baby Bath | 500mL, $11.00, $2.20 per 100mL, https://productimages.coles.com.au/productimages/8/8913346.jpg
Only Organic Vegetable & Chicken Risotto | 220g, $2.50, $1.14 per 100g, https://productimages.coles.com.au/productimages/2/2134369.jpg
Aptamil Gold+ 2 Baby Follow - On Formula From 6-12 Months | 900g, $32.00, $3.56 per 100g, https://productimages.coles.com.au/productimages/8/8900989.jpg
CUB Toddler Nappy Pants Size 4 | 25 pack, $9.50, $0.38 per 1ea, https://productimages.coles.com.au/productimages/3/3720866.jpg
Rafferty's Garden Rice Cereal Pear Banana & Milk No Added Sugar Baby Food Pouch 4+ Months | 120g, $2.15, $1.79 per 100g, https://productimages.coles.com.au/productimages/7/7730840.jpg
Coca-Cola Diet Coke Soft Drink Bottle | 600mL, $3.20, $5.33 per 1L, https://productimages.coles.com.au/productimages/5/5468440.jpg
Coles Lemon Flavoured Drink | 1.25L, $0.90, $0.72 per 1L, https://productimages.coles.com.au/productimages/5/5179137.jpg
V Energy Refresh Drink Pineapple Watermelon Can | 250mL, $2.35, $9.40 per 1L, https://productimages.coles.com.au/productimages/5/5486384.jpg
Mount Franklin Lightly Sparkling Water Lime | 1.25L, $1.35, $1.08 per 1L, https://productimages.coles.com.au/productimages/9/9886657.jpg
Daily Juice No Added Sugar Apple Juice | 2L, $4.50, $2.25 per 1L, https://productimages.coles.com.au/productimages/5/5129875.jpg
Mount Franklin Lightly Sparkling Water Natural | 1.25L, $1.35, $1.08 per 1L, https://productimages.coles.com.au/productimages/3/324385.jpg
Coles Modi Apples | approx 180g, $1.06, $5.90 per 1kg, https://productimages.coles.com.au/productimages/5/5899409.jpg
Mother Energy Drink Zero Sugar Razzleberry Can | 500mL, $2.85, $5.70 per 1L, https://productimages.coles.com.au/productimages/5/5157214.jpg
Sanitarium So Good Long Life No Added Sugar Oat Milk | 1L, $2.80, $2.80 per 1L, https://productimages.coles.com.au/productimages/4/4204352.jpg
Gatorade Watermelon Chill Sports Drink | 600mL, $2.30, $3.83 per 1L, https://productimages.coles.com.au/productimages/4/4905404.jpg
Blue Diamond Almond Breeze Unsweetened Almond Milk | 1L, $3.00, $3.00 per 1L, https://productimages.coles.com.au/productimages/9/9117200.jpg
Coles Organic Soy Milk | 1L, $1.60, $1.60 per 1L, https://productimages.coles.com.au/productimages/3/3492954.jpg
Robert Timms Italian Espresso Style Coffee Bags 160g | 28 Pack, $13.50, $0.48 per 1ea, https://productimages.coles.com.au/productimages/4/4965756.jpg
Coles Soft Drink Raspberry | 1.25L, $0.90, $0.72 per 1L, https://productimages.coles.com.au/productimages/5/5179283.jpg
Devondale Skim Long Life Milk | 1L, $2.20, $2.20 per 1L, https://productimages.coles.com.au/productimages/4/455849.jpg
Coles Onions Little Tractor | 2kg, $5.50, $2.75 per 1kg, https://productimages.coles.com.au/productimages/4/4293487.jpg
Coles Dairy Orange Juice | 3L, $5.00, $1.67 per 1L, https://productimages.coles.com.au/productimages/9/9485565.jpg
Schweppes Lemon Lime Mineral Water | 1.1L, $2.60, $2.36 per 1L, https://productimages.coles.com.au/productimages/3/3014952.jpg
Golden Circle Sunshine Punch Fruit Drink Lunch Box Multipack Poppers 6x250mL | 6 pack, $4.40, $2.93 per 1L, https://productimages.coles.com.au/productimages/6/6910391.jpg
Nudie Double Pulp Orange Juice Chilled | 2L, $7.00, $3.50 per 1L, https://productimages.coles.com.au/productimages/2/2802921.jpg
Coles Soft Drink Orange | 1.25L, $0.90, $0.72 per 1L, https://productimages.coles.com.au/productimages/5/5179148.jpg
Coles I'm Perfect Sweet Potato | 1.5kg, $2.50, $1.67 per 1kg, https://productimages.coles.com.au/productimages/3/3616751.jpg
Coles Portobello Mushrooms | approx 200g, $3.38, $16.90 per 1kg, https://productimages.coles.com.au/productimages/4/4590573.jpg
Coles Coles Spudlite Baby Potato | 750g, $3.00, $4.00 per 1kg, https://productimages.coles.com.au/productimages/3/3026260.jpg
Lipton Ice Tea Drink Passionfruit | 1.5L, $4.90, $3.27 per 1L, https://productimages.coles.com.au/productimages/5/5486817.jpg
Coles Mixer Diet Tonic Water | 1.25L, $0.90, $0.72 per 1L, https://productimages.coles.com.au/productimages/5/5180497.jpg
Coles Specialty Red Seedless Grapes Prepacked | 500g, $5.50, $11.00 per 1kg, https://productimages.coles.com.au/productimages/3/3498768.jpg
Coles Organic Unsweetened Oat Milk | 1L, $2.25, $2.25 per 1L, https://productimages.coles.com.au/productimages/3/3492932.jpg
Coles Baby Brussel Sprouts | 200g, $3.90, $19.50 per 1kg, https://productimages.coles.com.au/productimages/9/9989810.jpg
Red Bull Sugar Free Energy Drink 250mL | 8 pack, $19.00, $9.50 per 1L, https://productimages.coles.com.au/productimages/3/3324177.jpg
Coles Asian Choy Sum | 1 each, $2.50, $2.50 per 1ea, https://productimages.coles.com.au/productimages/4/4567323.jpg
Coca-Cola Zero Sugar Vanilla Soft Drink Bottle | 1.25L, $1.70, $1.36 per 1L, https://productimages.coles.com.au/productimages/3/3271060.jpg
Coles Oat & Raisin Cookies | 6 pack, $3.50, $0.58 per 1ea, https://productimages.coles.com.au/productimages/8/8914983.jpg
Coles Red Cherries Prepacked | 300g, $8.80, $29.33 per 1kg, https://productimages.coles.com.au/productimages/1/1325452.jpg
Daily Juice Pulp Free No Added Sugar Orange Juice | 500mL, $2.40, $4.80 per 1L, https://productimages.coles.com.au/productimages/8/8757069.jpg
Coles Iceberg Salad Blend | 300g, $3.00, $10.00 per 1kg, https://productimages.coles.com.au/productimages/5/5450831.jpg
Tip Top 9 Grain Wholemeal Bread | 750g, $4.40, $0.59 per 100g, https://productimages.coles.com.au/productimages/6/6010561.jpg
Coles Baby Red Royale Potatoes Prepacked | 1kg, $3.80, $3.80 per 1kg, https://productimages.coles.com.au/productimages/2/2488500.jpg
Fresh Medley Perino Tomatoes | 200g, $3.50, $17.50 per 1kg, https://productimages.coles.com.au/productimages/5/5081338.jpg
Schweppes Dry Ginger Ale | 1.1L, $2.60, $2.36 per 1L, https://productimages.coles.com.au/productimages/3/3014817.jpg
Coca-Cola Diet Coke Soft Drink Bottle | 1.25L, $1.70, $1.36 per 1L, https://productimages.coles.com.au/productimages/4/419211.jpg
Pepsi Sunkist Sugar Free Diet Orange Crush | 1.25L, $2.85, $2.28 per 1L, https://productimages.coles.com.au/productimages/5/5037358.jpg
Coles Brushed Potatoes | 2kg, $5.50, $2.75 per 1kg, https://productimages.coles.com.au/productimages/3/3958573.jpg
Coles I'm Perfect Onions Prepacked | 1.5kg, $2.50, $1.67 per 1kg, https://productimages.coles.com.au/productimages/3/3609257.jpg
Coles Avocados Prepacked 5 Pack | 1 each, $6.90, $6.90 per 1ea, https://productimages.coles.com.au/productimages/3/3479297.jpg
Coles Kitchen Beetroot Slaw | 200g, $2.00, $10.00 per 1kg, https://productimages.coles.com.au/productimages/2/2786778.jpg
Sanitarium So Good Long Life Lite Soy Milk 1L | 1L, $2.20, $2.20 per 1L, https://productimages.coles.com.au/productimages/5/5089883.jpg
Coles Lady Finger Bananas | approx 160g, $1.10, $6.90 per 1kg, https://productimages.coles.com.au/productimages/1/132056.jpg
Coles No Sugar Soft Drink Pineapple | 1.25L, $0.90, $0.72 per 1L, https://productimages.coles.com.au/productimages/5/5235238.jpg
Coles Herb Punnets Dill | 10g, $3.20, $3.20 per 10g, https://productimages.coles.com.au/productimages/3/3214769.jpg
Sprite Zero Sugar Lemonade Soft Drink Bottle  | 1.25L, $1.70, $1.36 per 1L, https://productimages.coles.com.au/productimages/3/3585567.jpg
Coles Spinach & Rocket | 60g, $2.00, $33.34 per 1kg, https://productimages.coles.com.au/productimages/3/3613141.jpg
Lipton Ice Tea Drink Peach No Sugar | 1.5L, $4.90, $3.27 per 1L, https://productimages.coles.com.au/productimages/5/5171601.jpg
Golden Circle Pineapple Juice Sweetened Fruit Juice Pineapples | 1L, $2.60, $2.60 per 1L, https://productimages.coles.com.au/productimages/2/280086.jpg
Coles Roasted Salted Pistachios | approx 100g, $2.80, $28.00 per 1kg, https://productimages.coles.com.au/productimages/8/8412588.jpg
Daily Juice Pulp Free No Added Sugar Orange Juice | 3L, $7.00, $2.33 per 1L, https://productimages.coles.com.au/productimages/8/8772700.jpg
Coles Green Kiwifruit Prepacked | 8 pack, $5.90, $0.74 per 1ea, https://productimages.coles.com.au/productimages/1/1778560.jpg
Coles Navel Oranges Prepacked | 4 pack, $3.50, $0.88 per 1ea, https://productimages.coles.com.au/productimages/5/5212505.jpg
Coles Asian Choy Buk | 1 each, $2.50, $2.50 per 1ea, https://productimages.coles.com.au/productimages/4/4565907.jpg
Coles Bakery Stone Baked Multigrain Sourdough Vienna | 1 each, $4.00, $4.00 per 1ea, https://productimages.coles.com.au/productimages/2/2872643.jpg
Coles Soda Water | 2L, $1.25, $0.63 per 1L, https://productimages.coles.com.au/productimages/7/7600709.jpg
Helga's Mixed Grain Wraps 8 pack | 508g, $5.00, $0.98 per 100g, https://productimages.coles.com.au/productimages/4/4461785.jpg
Moccona Cafe Classics Latte Sachets | 10 pack, $3.50, $0.35 per 1ea, https://productimages.coles.com.au/productimages/4/4405638.jpg
Coles Green Kale | 1 each, $4.90, $4.90 per 1ea, https://productimages.coles.com.au/productimages/8/8696598.jpg
Coles Kitchen Fine Cut Coleslaw | 300g, $3.00, $10.00 per 1kg, https://productimages.coles.com.au/productimages/5/5039590.jpg
Coles Bakery Ultimate White Chocolate Chip Cookie | 6 pack, $3.50, $0.58 per 1ea, https://productimages.coles.com.au/productimages/2/2759913.jpg
Coles Pears Mini 1kg | 1 each, $3.00, $3.00 per 1kg, https://productimages.coles.com.au/productimages/2/2511656.jpg
Bean Shoots Prepacked | 250g, $2.40, $9.60 per 1kg, https://productimages.coles.com.au/productimages/4/4544770.jpg
Coles I'M Perfect Capsicums | 800g, $5.50, $6.88 per 1kg, https://productimages.coles.com.au/productimages/3/3634833.jpg
Coles Banana Bread Slices 5 Pack | 500g, $6.50, $1.30 per 100g, https://productimages.coles.com.au/productimages/2/2915724.jpg
Coles Apple & Mango Juice | 2L, $2.80, $1.40 per 1L, https://productimages.coles.com.au/productimages/3/3048681.jpg
Kirks Soft Drink Pasito | 600mL, $2.50, $4.17 per 1L, https://productimages.coles.com.au/productimages/5/5319724.jpg
Coles Australian Caulini Prepacked | 180g, $4.50, $25.00 per 1kg, https://productimages.coles.com.au/productimages/3/3537859.jpg
Coles I'M Perfect Pears Prepacked | 1.5kg, $3.90, $2.60 per 1kg, https://productimages.coles.com.au/productimages/5/5629266.jpg
Coles Baby Brown Onions | 500g, $2.00, $4.00 per 1kg, https://productimages.coles.com.au/productimages/2/2552868.jpg
Coles Kanzi Red Apples | approx 180g, $0.88, $4.90 per 1kg, https://productimages.coles.com.au/productimages/8/8559542.jpg
Coles Yellow Capsicum | approx 320g, $3.17, $9.90 per 1kg, https://productimages.coles.com.au/productimages/7/7215355.jpg
Moccona Cafe Classics Cappuccino Sachets | 10 pack, $3.50, $0.35 per 1ea, https://productimages.coles.com.au/productimages/4/4405627.jpg
Coles Natural Almonds | 400g, $7.00, $17.50 per 1kg, https://productimages.coles.com.au/productimages/2/2123599.jpg
Coles Butter Leaf Blend | 120g, $3.50, $29.17 per 1kg, https://productimages.coles.com.au/productimages/3/3308716.jpg
Coles Stonebaked By Laurent White Sourdough Garlic Bread | 1 each, $4.00, $4.00 per 1ea, https://productimages.coles.com.au/productimages/3/3694201.jpg
Abbott's Bakery Dark Rye | 700g, $4.90, $0.70 per 100g, https://productimages.coles.com.au/productimages/3/3580155.jpg
Schweppes Brown Cream Soda | 1.1L, $2.60, $2.36 per 1L, https://productimages.coles.com.au/productimages/3/3270180.jpg
Coles Blueberry Muffins | 4 pack, $4.70, $1.18 per 1ea, https://productimages.coles.com.au/productimages/2/2409274.jpg
Fresh Red Cayenne Chillies | approx 20g, $0.60, $30.00 per 1kg, https://productimages.coles.com.au/productimages/8/8760314.jpg
Coles Natural Walnuts | approx 100g, $2.50, $25.00 per 1kg, https://productimages.coles.com.au/productimages/8/8412668.jpg
Pepsi Cola Soft Drink | 2L, $3.00, $1.50 per 1L, https://productimages.coles.com.au/productimages/3/337310.jpg
Coles Organic Kent Pumpkin | approx 800g, $3.36, $4.20 per 1kg, https://productimages.coles.com.au/productimages/3/3119043.jpg
Coles Roasted Salted Cashews | approx 100g, $2.40, $24.00 per 1kg, https://productimages.coles.com.au/productimages/8/8412227.jpg
Coles Green Cucumber | 1 each, $2.90, $2.90 per 1ea, https://productimages.coles.com.au/productimages/4/4559314.jpg
Lipton Lemon Ice Tea | 500mL, $2.85, $5.70 per 1L, https://productimages.coles.com.au/productimages/9/9446337.jpg
Fresh Green Cayenne Chillies | approx 22g, $0.66, $30.01 per 1kg, https://productimages.coles.com.au/productimages/8/8760846.jpg
Coles Roasted Unsalted Cashews | approx 100g, $2.40, $24.00 per 1kg, https://productimages.coles.com.au/productimages/8/8412293.jpg
Coles Australian Baby Capsicums | 350g, $5.50, $15.71 per 1kg, https://productimages.coles.com.au/productimages/3/3066275.jpg
Coles Sleeved Herbs Mint | 1 each, $3.20, $3.20 per 1ea, https://productimages.coles.com.au/productimages/4/4575514.jpg
Coles Passionfruit | 1 each, $1.50, $1.50 per 1ea, https://productimages.coles.com.au/productimages/4/409896.jpg
Coles Light Rye Sourdough Rolls | 4 pack, $3.75, $0.94 per 1ea, https://productimages.coles.com.au/productimages/1/1334410.jpg
Coles Kitchen Asian Style Salad Kit | 350g, $5.50, $15.71 per 1kg, https://productimages.coles.com.au/productimages/2/2787974.jpg
Coles Rockmelon Half | 1 each, $2.50, $2.50 per 1ea, https://productimages.coles.com.au/productimages/5/5536970.jpg
Helga's Wholemeal Wraps 8 pack | 508g, $5.00, $0.98 per 100g, https://productimages.coles.com.au/productimages/4/4461821.jpg
Coles Bakery Multigrain Rolls | 6 pack, $2.50, $0.42 per 1ea, https://productimages.coles.com.au/productimages/6/6514135.jpg
Coles Kitchen Coleslaw | 200g, $2.00, $10.00 per 1kg, https://productimages.coles.com.au/productimages/2/2791406.jpg
MEB Pita Khobz Wholemeal 5 pack | 500g, $3.80, $0.76 per 100g, https://productimages.coles.com.au/productimages/6/6201060.jpg
Coles Bakery Light Sourdough Hamburger Rolls | 4 pack, $3.75, $0.94 per 1ea, https://productimages.coles.com.au/productimages/3/3963551.jpg
Coles  Roasted Pumpkin Seed & Purple Wheat Panini | 3 pack, $3.75, $1.25 per 1ea, https://productimages.coles.com.au/productimages/1/1638152.jpg
Helga's Continental Bakehouse Wholemeal Grain Bread | 850g, $4.90, $0.58 per 100g, https://productimages.coles.com.au/productimages/6/6676716.jpg
Mission Souvlaki Bread | 320g, $4.00, $1.25 per 100g, https://productimages.coles.com.au/productimages/4/4327240.jpg
Coles Bakery Chocolate Chip Shortbread | 12 pack, $4.50, $0.38 per 1ea, https://productimages.coles.com.au/productimages/5/5321260.jpg
Coles Bakery Double Chocolate Cookies | 12 pack, $3.50, $0.29 per 1ea, https://productimages.coles.com.au/productimages/9/9155516.jpg
Toscano Classic Pizza Bases 2 pack | 300g, $6.50, $2.17 per 100g, https://productimages.coles.com.au/productimages/7/7120758.jpg
Coles Bakery Stone Baked By Laurent Turkish Loaf | 1 each, $4.00, $4.00 per 1ea, https://productimages.coles.com.au/productimages/3/3747385.jpg
Voost Vitamin C 1000mg 20 Blood Orange Effervescent Tablets | 1 pack, $11.00, $11.00 per 1ea, https://productimages.coles.com.au/productimages/3/3279775.jpg
Coles Anti-Bacterial Wipes for Normal Skin | 15 pack, $1.40, $0.09 per 1ea, https://productimages.coles.com.au/productimages/2/2035458.jpg
Dettol Soap Bar Citrus Fresh | 3 pack, $4.90, $1.63 per 1ea, https://productimages.coles.com.au/productimages/3/3514570.jpg
Heritage Mill Muesli Raspberry Vanilla Yoghurt Limited Edition | 750g, $5.00, $0.67 per 100g, https://productimages.coles.com.au/productimages/5/5284732.jpg
Coles Belgian Cheesecake Slice 2 pack | 220g, $5.50, $2.50 per 100g, https://productimages.coles.com.au/productimages/2/2363300.jpg
Strepsils Double Antibacterial  Soothing Sore Throat  Lozenges Honey and Lemon | 16 pack, $6.00, $0.38 per 1ea, https://productimages.coles.com.au/productimages/7/7251326.jpg
Atlantic Special Rye Bread | 900g, $7.30, $0.81 per 100g, https://productimages.coles.com.au/productimages/3/332011.jpg
Coles Bakery Apple Fresh Cream Turnover | 1 each, $5.00, $5.00 per 1ea, https://productimages.coles.com.au/productimages/7/7877087.jpg
Mission Wholegrain Wraps 8 pack | 567g, $5.50, $0.97 per 100g, https://productimages.coles.com.au/productimages/7/7863480.jpg
Strepsils Extra Honey and Lemon Fast Numbing Sore Throat Pain Relief with Anaesthetic 16 Lozenges | 1 Pack, $9.00, $9.00 per 1ea, https://productimages.coles.com.au/productimages/3/3417981.jpg
Coles Bakery Custard Bunlet | 6 pack, $3.50, $0.58 per 1ea, https://productimages.coles.com.au/productimages/4/4418050.jpg
Coles Bakery Mini Cheese And Bacon Rolls | 6 pack, $4.50, $0.75 per 1ea, https://productimages.coles.com.au/productimages/3/3002170.jpg
Daley Street Medium Coffee Ground | 200g, $5.50, $2.75 per 100g, https://productimages.coles.com.au/productimages/3/3752590.jpg
La Fournee Doree Sliced Brioche Loaf Plain | 500g, $8.90, $1.78 per 100g, https://productimages.coles.com.au/productimages/3/3476925.jpg
Colgate Zig Zag Flex Medium Toothbrush | 1 pack, $2.40, $2.40 per 1ea, https://productimages.coles.com.au/productimages/6/6163096.jpg
Colgate 360 Degree Value Pack Soft Toothbrush | 2 pack, $8.00, $4.00 per 1ea, https://productimages.coles.com.au/productimages/6/6005700.jpg
Nivea Aloe Vera Moisture Fresh Shower Gel & Body Wash | 1L, $17.00, $1.70 per 100mL, https://productimages.coles.com.au/productimages/3/3517374.jpg
Straten Paper Straws | 50 pack, $2.25, $4.50 per 100ea, https://productimages.coles.com.au/productimages/3/3993734.jpg
Coles Bakery Stone Baked Mini Sub Rolls | 2 pack, $4.00, $2.00 per 1ea, https://productimages.coles.com.au/productimages/4/4444582.jpg
U by Kotex Extra Pads Regular With Wings | 16 pack, $5.00, $0.31 per 1ea, https://productimages.coles.com.au/productimages/8/8508280.jpg
Mr Kipling Chocolate Slices 6 Pack | 155g, $3.00, $1.94 per 100g, https://productimages.coles.com.au/productimages/4/4150672.jpg
Colgate Cavity Protection Cool Mint Toothpaste | 180g, $3.50, $1.94 per 100g, https://productimages.coles.com.au/productimages/4/4504684.jpg
Nivea Repair & Protect Moisturising Lip Balm + SPF15 | 4.8g, $5.00, $104.17 per 100g, https://productimages.coles.com.au/productimages/9/9479937.jpg
Chickadees Chicken | 190g, $4.00, $4.00 per 100g, https://productimages.coles.com.au/productimages/3/3961421.jpg
Palmolive Chery Blossom Shower Gel | 1L, $10.00, $1.00 per 100mL, https://productimages.coles.com.au/productimages/8/8180223.jpg
Country Life White Fresh Linen Soap | 5 pack, $4.20, $0.93 per 100g, https://productimages.coles.com.au/productimages/5/5175715.jpg
Rexona Men Sport Antiperspirant Roll On Deodorant | 50mL, $4.50, $9.00 per 100mL, https://productimages.coles.com.au/productimages/2/210761.jpg
Coles Bakery High Fibre Low Gi 7 Seeds & Grain Toast Loaf | 400g, $2.50, $0.63 per 100g, https://productimages.coles.com.au/productimages/8/8162072.jpg
Abbott's Bakery Harvest Seeds And Grain Bread | 750g, $4.90, $0.65 per 100g, https://productimages.coles.com.au/productimages/7/7534885.jpg
Listerine Zero Alcohol Antibacterial Mouthwash Less Intense Taste | 1L, $14.00, $1.40 per 100mL, https://productimages.coles.com.au/productimages/8/8079999.jpg
Vicks Vapodrop Butter Menthol Lozenges | 42 pack, $7.70, $0.18 per 1ea, https://productimages.coles.com.au/productimages/3/3734066.jpg
Hart & Soul Chicken & Corn Pouch | 400g, $3.80, $0.95 per 100g, https://productimages.coles.com.au/productimages/3/3270511.jpg
Nivea Limited Edition Lip Care | 4.8g, $5.00, $104.17 per 100g, https://productimages.coles.com.au/productimages/1/1957490.jpg
Coles Foaming Hand Wash Passionfruit | 250mL, $2.60, $1.04 per 100mL, https://productimages.coles.com.au/productimages/4/4357987.jpg
Bundaberg Brewed Passionfruit 6x200mL | 6 pack, $5.15, $4.29 per 1L, https://productimages.coles.com.au/productimages/4/4444323.jpg
U by Kotex Ultrathin Pads Regular No Wings | 14 pack, $5.00, $0.36 per 1ea, https://productimages.coles.com.au/productimages/9/9498997.jpg
Oral B Toothbrush Sensitive X Deep Clean | 2 pack, $9.00, $4.50 per 1ea, https://productimages.coles.com.au/productimages/5/5981689.jpg
Sakata Sweet & Salty Rice Puffs Crackers | 72g, $3.80, $5.28 per 100g, https://productimages.coles.com.au/productimages/3/3629130.jpg
Colgate Total Advanced Clean Toothpaste | 200g, $7.00, $3.50 per 100g, https://productimages.coles.com.au/productimages/3/3400887.jpg
Nivea Pure Invisible Roll On Antiperspirant Deodorant | 50mL, $3.69, $7.38 per 100mL, https://productimages.coles.com.au/productimages/4/4715828.jpg
Dettol Antibacterial Liquid Hand Wash Aloe Vera and Vitamin E Refill | 950mL, $8.00, $0.84 per 100mL, https://productimages.coles.com.au/productimages/1/1878848.jpg
Daley Street Dark/Intense Aluminium Nespresso Compatible Coffee Capsules | 10 pack, $3.25, $0.33 per 1ea, https://productimages.coles.com.au/productimages/4/4299950.jpg
Latina Lasagne Ravioli | 625g, $8.50, $1.36 per 100g, https://productimages.coles.com.au/productimages/5/5577548.jpg
Golden Circle Pineapple Mango And Passionfruit Cordial | 2L, $3.90, $1.95 per 1L, https://productimages.coles.com.au/productimages/6/6010685.jpg
Nivea Men Black And White Invisible Roll On Antiperspirant Deodorant | 50mL, $3.69, $7.38 per 100mL, https://productimages.coles.com.au/productimages/8/8445011.jpg
Tena Standard Length Liners Incontinence | 30 pack, $5.50, $0.18 per 1ea, https://productimages.coles.com.au/productimages/8/8545388.jpg
Caredent Eeziflossers Eco Plus 30 Pack | 30 pack, $3.50, $0.12 per 1ea, https://productimages.coles.com.au/productimages/5/5886633.jpg
Oral-B Gum Care & Enamel Restore Toothpaste | 110g, $10.00, $9.09 per 100g, https://productimages.coles.com.au/productimages/2/2868679.jpg
Coles Foaming Handwash Raspberry | 1L, $3.50, $0.35 per 100mL, https://productimages.coles.com.au/productimages/5/5766325.jpg
Poise Liners For Bladder Leaks Light | 18 pack, $2.96, $0.16 per 1ea, https://productimages.coles.com.au/productimages/4/4216227.jpg
Coles Lemon & Raspberry Tarts 6 Pack | 270g, $3.75, $1.39 per 100g, https://productimages.coles.com.au/productimages/4/4161635.jpg
Golden Circle Strawberry Lemonade Cordial | 2L, $3.90, $1.95 per 1L, https://productimages.coles.com.au/productimages/1/1499668.jpg
Palmolive Men Active Shower Gel | 500mL, $3.90, $0.78 per 100mL, https://productimages.coles.com.au/productimages/2/2274765.jpg
Australian Botanical Soap Lemongrass & Lemon Myrtle | 200g, $4.00, $2.00 per 100g, https://productimages.coles.com.au/productimages/3/3233989.jpg
Nature's Way Kids Smart Gummies Multi-Vitamin +Vegies | 120 pack, $15.00, $0.13 per 1ea, https://productimages.coles.com.au/productimages/8/8097221.jpg
Oral-B Compact Gum Care Ultrathin Toothbrush Extra Soft | 1 pack, $4.00, $4.00 per 1ea, https://productimages.coles.com.au/productimages/2/2868759.jpg
TOM Organic Regular Pads | 10 pack, $6.00, $0.60 per 1ea, https://productimages.coles.com.au/productimages/1/1176818.jpg
Johnson's Body Care Extra Rich Moisturising Cream Body Wash | 1L, $13.00, $1.30 per 100mL, https://productimages.coles.com.au/productimages/9/9216825.jpg
Coles Bakery Custard Tarts 2 Pack | 260g, $5.75, $2.21 per 100g, https://productimages.coles.com.au/productimages/3/3639837.jpg
Coles Toothpaste Total Care | 140g, $1.50, $1.07 per 100g, https://productimages.coles.com.au/productimages/5/5911708.jpg
Coles Bakery Mini Apple Crown | 5 pack, $2.90, $0.58 per 1ea, https://productimages.coles.com.au/productimages/5/5750391.jpg
Darrell Lea Milk Chocolate Liquorice Bullets | 400g, $6.00, $1.50 per 100g, https://productimages.coles.com.au/productimages/5/5556559.jpg
Coles Bakery Fresh Cream Long John Donuts | 2 pack, $5.50, $2.75 per 1ea, https://productimages.coles.com.au/productimages/7/7802260.jpg
Coles Bakery Iced Ring Donut Mixed | 2 pack, $3.75, $1.88 per 1ea, https://productimages.coles.com.au/productimages/2/2678797.jpg
Beach Road Naturals Sandalwoodgermanium & Bergamot Body Bar | 150g, $2.10, $1.40 per 100g, https://productimages.coles.com.au/productimages/4/4308686.jpg
Heritage Mill Clusters Cranberry Almond Coconut | 750g, $5.00, $0.67 per 100g, https://productimages.coles.com.au/productimages/5/5284540.jpg
Queen Victoria Green Tea Bags | 10 pack, $1.30, $0.13 per 1ea, https://productimages.coles.com.au/productimages/3/3984631.jpg
Leggo's Pasta Bake Three Cheese Sauce | 500g, $4.00, $0.80 per 100g, https://productimages.coles.com.au/productimages/3/3907379.jpg
Cussons Prize Medal Oatmeal Bar Soap | 5 pack, $5.00, $1.11 per 100g, https://productimages.coles.com.au/productimages/5/5907653.jpg
Herbert Adams Cheese & Spinach Rolls | 380g, $5.30, $1.39 per 100g, https://productimages.coles.com.au/productimages/4/4237770.jpg
Colgate Triple Action Toothpaste | 80g, $2.00, $2.50 per 100g, https://productimages.coles.com.au/productimages/4/4504662.jpg
Strepsils Orange Throat Lozenges | 36 pack, $12.00, $0.33 per 1ea, https://productimages.coles.com.au/productimages/6/6420348.jpg
Tic Tac Peppermint | 49g, $3.20, $6.53 per 100g, https://productimages.coles.com.au/productimages/3/3956192.jpg
Herbert Adams Frozen King Island Frozen Beef Sausage Rolls 12 pack | 420g, $8.50, $2.02 per 100g, https://productimages.coles.com.au/productimages/2/2900636.jpg
Kleenex Anti-Bacterial To-Go Wipes | 15 pack, $2.50, $0.17 per 1ea, https://productimages.coles.com.au/productimages/7/7803149.jpg
Colgate Tartar Control Dental Floss | 25m, $3.30, $0.13 per 1M, https://productimages.coles.com.au/productimages/9/9313344.jpg
Libra Original Super Tampons | 16 pack, $3.01, $0.19 per 1ea, https://productimages.coles.com.au/productimages/4/459555.jpg
Laurent Almond Croissant | 1 each, $4.50, $4.50 per 1ea, https://productimages.coles.com.au/productimages/5/5792926.jpg
Uncle Tobys Oats Quick Sachets Breakfast Cereal Original Big Bowl | 368g, $5.80, $1.58 per 100g, https://productimages.coles.com.au/productimages/3/3993202.jpg
MEB Pita Pockets White 6 pack | 250g, $2.70, $1.08 per 100g, https://productimages.coles.com.au/productimages/6/6202992.jpg
Dettol Rose & Cherry In Bloom Foam Hand Wash Refill | 900mL, $9.50, $1.06 per 100mL, https://productimages.coles.com.au/productimages/2/2814625.jpg
Coles Non-Latex Multi-Purpose 50 Disposable Gloves | 1 pack, $11.30, $11.30 per 1ea, https://productimages.coles.com.au/productimages/3/3397953.jpg
Macleans Extreme Clean Lasting Fresh Toothpaste | 170g, $2.50, $1.47 per 100g, https://productimages.coles.com.au/productimages/2/2620742.jpg
Carman's Crunchy Clusters Cereal Apple | 750g, $6.00, $0.80 per 100g, https://productimages.coles.com.au/productimages/4/4967740.jpg
Pantene Daily Moisture Renewal Conditioner | 900mL, $10.00, $1.11 per 100mL, https://productimages.coles.com.au/productimages/2/2290579.jpg
Listerine FreshBurst Antibacterial Mouthwash | 250mL, $5.50, $2.20 per 100mL, https://productimages.coles.com.au/productimages/5/5011106.jpg
Nivea Men Cool Kick Roll On Antiperspirant Deodorant | 50mL, $3.69, $7.38 per 100mL, https://productimages.coles.com.au/productimages/4/4282491.jpg
Birds Eye Carrot- Cauli & Broccoli Veggie Rice | 500g, $4.95, $9.90 per 1kg, https://productimages.coles.com.au/productimages/4/4204308.jpg
Heritage Mill Muesli Fruit & Nut | 750g, $5.00, $0.67 per 100g, https://productimages.coles.com.au/productimages/5/5283693.jpg
Vaseline Intensive Care Deep Restore Body Lotion | 750mL, $16.00, $2.13 per 100mL, https://productimages.coles.com.au/productimages/9/9494759.jpg
Berocca Energy Vitamin B & C Orange Flavour Effervescent Tablets | 45 Pack, $18.75, $41.67 per 100ea, https://productimages.coles.com.au/productimages/4/4643421.jpg
Coles Tomatoes Crushed Mixed Herbs | 400g, $1.30, $3.25 per 1kg, https://productimages.coles.com.au/productimages/8/8675678.jpg
Remedy Kombucha Ginger | 1.25L, $6.95, $5.56 per 1L, https://productimages.coles.com.au/productimages/3/3831492.jpg
McKenzie's Yellow Lentils | 375g, $2.30, $0.61 per 100g, https://productimages.coles.com.au/productimages/2/2292279.jpg
Red Tractor Protein Low Sugar Granola Choc Almond | 450g, $6.70, $1.49 per 100g, https://productimages.coles.com.au/productimages/4/4312821.jpg
Daley Street Daley Street Medium Aluminium Nespresso Compatible Coffee Capsules | 10 pack, $3.25, $3.25 per each, https://productimages.coles.com.au/productimages/3/3745415.jpg
Coles Plain Rice Crackers | 100g, $0.90, $0.90 per 100g, https://productimages.coles.com.au/productimages/5/5460198.jpg
Twisties Cheese Party Size Bag Sharepack | 270g, $4.00, $1.48 per 100g, https://productimages.coles.com.au/productimages/2/2871913.jpg
Pensilva Pinot Noir 750mL | 1 Each, $20.00, $26.67 per 1L, https://productimages.coles.com.au/productimages/5/5005410.jpg
Uncle Tobys Oats Quick Sachets Breakfast Cereal Banana Honey Big Bowl | 368g, $5.80, $1.58 per 100g, https://productimages.coles.com.au/productimages/3/3993199.jpg
Massel Gourmet Liquid Stock Vegetable | 1L, $2.00, $0.20 per 100mL, https://productimages.coles.com.au/productimages/4/4455476.jpg
Coles Squeezy Sauce Tomato | 500mL, $1.80, $0.36 per 100mL, https://productimages.coles.com.au/productimages/7/7413417.jpg
Twisties Raspberry Snack Twisted | 80g, $1.35, $1.69 per 100g, https://productimages.coles.com.au/productimages/6/6409786.jpg
Coles Kitchen Pea & Ham Soup | 300g, $3.00, $1.00 per 100g, https://productimages.coles.com.au/productimages/3/3467470.jpg
Campbell's Real Stock Beef Stock | 500mL, $2.00, $0.40 per 100mL, https://productimages.coles.com.au/productimages/6/6149743.jpg
Vegemite Squeeze | 200g, $4.00, $2.00 per 100g, https://productimages.coles.com.au/productimages/3/3852620.jpg
Moro El Tradicional Pure Olive Oil | 4L, $43.00, $1.08 per 100mL, https://productimages.coles.com.au/productimages/4/405614.jpg
Birds Eye Steamfresh Fish Soy & Ginger | 380g, $9.00, $23.68 per 1kg, https://productimages.coles.com.au/productimages/3/3868732.jpg
Obento Panko Breadcrumb | 1kg, $7.00, $0.70 per 100g, https://productimages.coles.com.au/productimages/3/3511345.jpg
Wild Turkey American Honey Liqueur 700mL | 1 Each, $48.00, $68.57 per 1L, https://productimages.coles.com.au/productimages/8/8334360.jpg
Nescafe Gold Original Instant Coffee Jar | 200g, $15.00, $7.50 per 100g, https://productimages.coles.com.au/productimages/8/8048033.jpg
Cadbury Twirl Chocolate Sharepack | 168g, $5.00, $2.98 per 100g, https://productimages.coles.com.au/productimages/2/2353078.jpg
Loacker Gran Pasticceria Tortina Biscuit Dark Chocolate | 126g, $5.00, $3.97 per 100g, https://productimages.coles.com.au/productimages/7/7220934.jpg
Pringles Sour Cream & Onion Stacked Potato Chips | 53g, $1.25, $2.36 per 100g, https://productimages.coles.com.au/productimages/2/2784138.jpg
Captain's Table Classic Water Crackers | 125g, $1.80, $1.44 per 100g, https://productimages.coles.com.au/productimages/8/8842022.jpg
Woodstock 4.8% Bourbon & Cola Can 375mL | 6 Pack, $31.00, $1.38 per 100mL, https://productimages.coles.com.au/productimages/6/6971691.jpg
Continental French Onion Soup Serves 4 | 40g, $1.20, $3.00 per 100g, https://productimages.coles.com.au/productimages/1/129426.jpg
Coles Tomatoes Crushed Basil & Oregano | 400g, $1.30, $3.25 per 1kg, https://productimages.coles.com.au/productimages/8/8675667.jpg
Cadbury Old Gold Jamaica Rum N Raisin Dark Chocolate Block | 180g, $5.50, $3.06 per 100g, https://productimages.coles.com.au/productimages/2/2350557.jpg
Mildara Limestone Coast Cabernet Sauvignon 750mL | 1 Each, $24.00, $32.00 per 1L, https://productimages.coles.com.au/productimages/2/2929831.jpg
Smith's Crinkle Cut Chicken Potato Chips | 170g, $2.40, $1.41 per 100g, https://productimages.coles.com.au/productimages/2/2358300.jpg
Cadbury Dairy Milk Freddo Chocolate Sharepack | 144g, $5.00, $5.00 per each, https://productimages.coles.com.au/productimages/3/3768851.jpg
Doritos Original Corn Chips Salted | 170g, $3.35, $1.97 per 100g, https://productimages.coles.com.au/productimages/2/2358355.jpg
Oreo Creme Biscuits Choc Split | 133g, $2.50, $1.88 per 100g, https://productimages.coles.com.au/productimages/2/2869864.jpg
Uncle Tobys Oats Quick Sachets Brown Sugar & Cinnamon | 350g, $6.30, $1.80 per 100g, https://productimages.coles.com.au/productimages/3/3992560.jpg
Purr Cat Food With Beef Mince | 400g, $1.80, $0.45 per 100g, https://productimages.coles.com.au/productimages/4/4986235.jpg
Cobs Sweet & Salty Gluten Free Popcorn | 65g, $4.00, $6.15 per 100g, https://productimages.coles.com.au/productimages/3/3478400.jpg
St Helena Brandy 700mL | 1 Each, $36.00, $51.43 per 1L, https://productimages.coles.com.au/productimages/8/8334860.jpg
Old El Paso Hot Taco Sauce | 200g, $4.00, $2.00 per 100g, https://productimages.coles.com.au/productimages/4/404633.jpg
Arnott's Shapes Cheddar Cracker Biscuits | 175g, $3.50, $2.00 per 100g, https://productimages.coles.com.au/productimages/8/8638263.jpg
Nivea Men Invisible Black & White Fresh Roll On Antiperspirant Deodorant | 50mL, $3.69, $7.38 per 100mL, https://productimages.coles.com.au/productimages/3/3049006.jpg
Ardmona Diced Tomatoes | 400g, $1.80, $4.50 per 1kg, https://productimages.coles.com.au/productimages/4/4558967.jpg
Old El Paso Tortilla Wholegrain Fajita | 240g, $4.00, $1.67 per 100g, https://productimages.coles.com.au/productimages/5/5361731.jpg
Nestle Milo 30% Less Added Sugar Chocolate Malt Powder Drink | 395g, $6.50, $1.65 per 100g, https://productimages.coles.com.au/productimages/3/3520277.jpg
Kellogg's Guardian Psyllium Breakfast Cereal | 360g, $6.30, $1.75 per 100g, https://productimages.coles.com.au/productimages/8/8492237.jpg
Coles Tomato Salsa Mild | 300g, $1.50, $0.50 per 100g, https://productimages.coles.com.au/productimages/5/5859834.jpg
Parker's Baked Multipack Mini Pretzels 6 Pack | 150g, $4.50, $3.00 per 100g, https://productimages.coles.com.au/productimages/9/9283061.jpg
Uncle Tobys Cheerios Honey Multigrain Cereal | 570g, $3.75, $0.66 per 100g, https://productimages.coles.com.au/productimages/1/1175167.jpg
McKenzie's Split Red Lentils | 1kg, $4.80, $0.48 per 100g, https://productimages.coles.com.au/productimages/9/9190991.jpg
Smith's Original Thinly Cut Potato Chips | 175g, $3.00, $1.71 per 100g, https://productimages.coles.com.au/productimages/5/5706221.jpg
Coles Tomato Paste | 500g, $1.40, $0.28 per 100g, https://productimages.coles.com.au/productimages/5/5375565.jpg
Devondale Light Milk | 3L, $5.95, $1.98 per 1L, https://productimages.coles.com.au/productimages/1/1909952.jpg
Belvita Milk and Cereals Breakfast Biscuits 6 Pack | 300g, $4.50, $1.50 per 100g, https://productimages.coles.com.au/productimages/9/9109880.jpg
Birds Eye Frozen Steam Fresh Fish Fillets With Thai Red Curry Sauce 2 Pack | 380g, $9.00, $23.68 per 1kg, https://productimages.coles.com.au/productimages/3/3303519.jpg
Coles Liquid Salt Reduced Real Chicken Stock | 1L, $1.90, $0.19 per 100mL, https://productimages.coles.com.au/productimages/8/8588336.jpg
Tip Top Multigrain English Muffins 6 Pack | 400g, $6.00, $1.50 per 100g, https://productimages.coles.com.au/productimages/2/293099.jpg
Maggi 2 Minute Chicken Flavour Noodles 5 Pack | 360g, $5.00, $1.39 per 100g, https://productimages.coles.com.au/productimages/5/5366972.jpg
Massel Chicken Stock Powder | 168g, $3.75, $0.22 per 10g, https://productimages.coles.com.au/productimages/4/4298593.jpg
Oreo Original Mini Biscuit Multipack | 230g, $5.00, $2.17 per 100g, https://productimages.coles.com.au/productimages/1/1843854.jpg
The Honey Collective Co Pure Honey Twist & Squeeze | 375g, $4.40, $1.17 per 100g, https://productimages.coles.com.au/productimages/4/4248573.jpg
James Squire 150 Lashes Pale Ale Bottle 330mL | 24 Pack, $51.00, $6.44 per 1L, https://productimages.coles.com.au/productimages/8/8686721.jpg
Campbell's Condensed Soup Can Tomato | 420g, $2.20, $0.52 per 100g, https://productimages.coles.com.au/productimages/1/128911.jpg
BLCK Vodka 700mL | 1 Each, $40.00, $57.14 per 1L, https://productimages.coles.com.au/productimages/5/5116160.jpg
Grinders Caffe Crema Coffee | 1kg, $24.50, $2.45 per 100g, https://productimages.coles.com.au/productimages/1/1336197.jpg
Coles Joyful Protein Bar Chocolate Fudge 190g | 1 each, $4.00, $2.11 per 100g, https://productimages.coles.com.au/productimages/5/5445853.jpg
TCC Coconut Milk | 400mL, $2.30, $0.58 per 100mL, https://productimages.coles.com.au/productimages/5/5252521.jpg
Western Star Reduced Salt Spreadable Butter Blend | 500g, $6.50, $1.30 per 100g, https://productimages.coles.com.au/productimages/7/7716113.jpg
Red Tractor Organic Rolled Oats | 1kg, $7.50, $0.75 per 100g, https://productimages.coles.com.au/productimages/3/3185296.jpg
Coles Original Pancake Shake Mix | 350g, $1.80, $0.51 per 100g, https://productimages.coles.com.au/productimages/2/2517299.jpg
B Honey Squeeze | 750g, $11.25, $1.50 per 100g, https://productimages.coles.com.au/productimages/5/5038656.jpg
Massel Vegetable Stock Cubes | 105g, $3.40, $0.32 per 10g, https://productimages.coles.com.au/productimages/9/98548.jpg
Cheetos Puffs Flaming Hot | 80g, $1.35, $1.69 per 100g, https://productimages.coles.com.au/productimages/3/3706810.jpg
Queen Victoria Earl Grey Tea Bags | 10 pack, $1.30, $0.13 per 1ea, https://productimages.coles.com.au/productimages/3/3984595.jpg
Coles Grated Parmesan Cheese | 100g, $2.00, $20.00 per 1kg, https://productimages.coles.com.au/productimages/5/5235453.jpg
Arnott's Royals Milk Chocolate Biscuits | 200g, $2.25, $1.13 per 100g, https://productimages.coles.com.au/productimages/3/358718.jpg
Nestle KitKat Milkybar White Chocolate Bar | 45g, $1.10, $2.44 per 100g, https://productimages.coles.com.au/productimages/6/6341900.jpg
Lipton English Breakfast Black Tea Bags | 100 pack, $5.80, $0.06 per 1ea, https://productimages.coles.com.au/productimages/3/3081315.jpg
Sanitarium Weet Bix Breakfast Cereal | 575g, $4.40, $0.77 per 100g, https://productimages.coles.com.au/productimages/2/2001784.jpg
Sirena Tuna in Oil Italian Style | 95g, $2.95, $31.05 per 1kg, https://productimages.coles.com.au/productimages/1/125050.jpg
Coles Dairy Spicy Capsicum Dip | 200g, $2.50, $1.25 per 100g, https://productimages.coles.com.au/productimages/8/8587253.jpg
Lifesavers Stix Sherbert Fizz Mixed | 220g, $4.00, $1.82 per 100g, https://productimages.coles.com.au/productimages/4/4952175.jpg
Coles Spiral Candles | 24 pack, $1.85, $0.08 per 1ea, https://productimages.coles.com.au/productimages/4/4248609.jpg
Gravox Traditional Gravy Mix Tin | 120g, $5.00, $4.17 per 100g, https://productimages.coles.com.au/productimages/6/6048826.jpg
San Remo Spaghetti No 5 | 500g, $2.95, $0.59 per 100g, https://productimages.coles.com.au/productimages/2/206196.jpg
Dairy Farmers Thick & Creamy Yoghurt Vanilla | 600g, $4.50, $0.75 per 100g, https://productimages.coles.com.au/productimages/1/1198480.jpg
Nescafe Blend 43 Instant Coffee | 150g, $11.50, $7.67 per 100g, https://productimages.coles.com.au/productimages/1/116322.jpg
Coles Butter Pat | 500g, $6.90, $1.38 per 100g, https://productimages.coles.com.au/productimages/2/210160.jpg
Coles Dairy Cheese Fetta Aust Style | 200g, $3.50, $17.50 per 1kg, https://productimages.coles.com.au/productimages/9/9808755.jpg
Campbell's Real Stock Beef Stock Salt Reduced | 1L, $4.50, $0.45 per 100mL, https://productimages.coles.com.au/productimages/9/9209230.jpg
Coles Minced Garlic | 250g, $1.25, $0.05 per 10g, https://productimages.coles.com.au/productimages/5/5493277.jpg
Green's Pancake Shake Mix Original | 375g, $3.50, $0.93 per 100g, https://productimages.coles.com.au/productimages/5/5210463.jpg
Coles Kitchen Butter Chicken With Rice | 350g, $7.50, $2.14 per 100g, https://productimages.coles.com.au/productimages/7/7325091.jpg
Gravox Lamb & Rosemary Liquid Gravy Pouch | 165g, $2.80, $1.70 per 100g, https://productimages.coles.com.au/productimages/4/4445858.jpg
Massel Beef Style Stock Cubes | 105g, $3.40, $0.32 per 10g, https://productimages.coles.com.au/productimages/9/93726.jpg
Moccona Classic Dark Roast Instant Coffee | 400g, $28.00, $7.00 per 100g, https://productimages.coles.com.au/productimages/6/6835015.jpg
Uncle Tobys Oats Quick Sachets Classic Variety | 350g, $6.30, $1.80 per 100g, https://productimages.coles.com.au/productimages/3/3992527.jpg
YoPro Perform Yoghurt Mixed Berry | 175g, $3.70, $2.11 per 100g, https://productimages.coles.com.au/productimages/4/4346277.jpg
Coles Unsalted Butter | 250g, $4.30, $1.72 per 100g, https://productimages.coles.com.au/productimages/4/46883.jpg
Arnott's Tim Tam Dark Chocolate Biscuits   | 200g, $2.25, $1.13 per 100g, https://productimages.coles.com.au/productimages/6/6025536.jpg
Massel Salt Reduced Chicken Style Stock Powder | 140g, $3.75, $0.27 per 10g, https://productimages.coles.com.au/productimages/9/9026499.jpg
Cadbury Fry's Turkish Delight Chocolate Bars Twin Pack | 2 pack, $1.80, $2.37 per 100g, https://productimages.coles.com.au/productimages/9/9794162.jpg
Coles Butter | 250g, $4.30, $1.72 per 100g, https://productimages.coles.com.au/productimages/3/313505.jpg
Dairylea Original Cheese Slices 24 Pack | 432g, $8.50, $19.68 per 1kg, https://productimages.coles.com.au/productimages/2/215131.jpg
The Complete Dairy High Protein Light Milk | 1L, $3.50, $3.50 per 1L, https://productimages.coles.com.au/productimages/2/2589992.jpg
Mainland Butter Soft Salted | 250g, $5.50, $2.20 per 100g, https://productimages.coles.com.au/productimages/6/6855500.jpg
Coles Nature's Kitchen Firm Tofu | 450g, $3.00, $0.67 per 100g, https://productimages.coles.com.au/productimages/3/3513180.jpg
Moorabool Valley Free Range Eggs 12 Pack | 700g, $7.90, $1.13 per 100g, https://productimages.coles.com.au/productimages/5/5331424.jpg
Western Star Spreadable Butter Blend | 375g, $5.50, $1.47 per 100g, https://productimages.coles.com.au/productimages/9/9615263.jpg
Coles Nature's Kitchen Firm Tofu | 300g, $2.30, $0.77 per 100g, https://productimages.coles.com.au/productimages/2/2752255.jpg
Coles Tasty Light Cheese Slices 24 Pack | 500g, $8.60, $17.20 per 1kg, https://productimages.coles.com.au/productimages/5/5433027.jpg
Mainland Butter Soft Salted Spreadable Butter | 375g, $7.50, $2.00 per 100g, https://productimages.coles.com.au/productimages/6/6854734.jpg
Dairy Farmers Thick & Creamy Strawberry Yoghurt | 150g, $1.80, $1.20 per 100g, https://productimages.coles.com.au/productimages/1/1198468.jpg
Great Ocean Road Fresh Full Cream Milk | 1L, $2.90, $2.90 per 1L, https://productimages.coles.com.au/productimages/9/9317935.jpg
Pauls Skinny Milk | 2L, $5.40, $2.70 per 1L, https://productimages.coles.com.au/productimages/5/5260188.jpg
Jalna Greek Style Natural Yoghurt | 1kg, $8.30, $0.83 per 100g, https://productimages.coles.com.au/productimages/7/7250935.jpg
The Laughing Cow Cheese Spread | 128g, $5.00, $39.06 per 1kg, https://productimages.coles.com.au/productimages/7/7646109.jpg
Coles Original Chicken Tenders  | 400g, $4.40, $11.00 per 1kg, https://productimages.coles.com.au/productimages/5/5293289.jpg
King Of Kings Takoyaki Octopus Balls | 450g, $8.50, $1.89 per 100g, https://productimages.coles.com.au/productimages/5/5300657.jpg
Aquna Murray Cod Portions Skin On 2 Pack | 200g, $13.00, $65.00 per 1kg, https://productimages.coles.com.au/productimages/5/5175340.jpg
Birds Eye Frozen Seasoned Sides Mediterranean Mix | 600g, $7.00, $11.67 per 1kg, https://productimages.coles.com.au/productimages/2/2257620.jpg
Cheer Tasty Cheese Slices | 750g, $14.00, $18.67 per 1kg, https://productimages.coles.com.au/productimages/3/3274750.jpg
King Of Kings Mini Korean Vegetable Pancake | 360g, $8.50, $2.36 per 100g, https://productimages.coles.com.au/productimages/5/5300668.jpg
Coles Frozen Tiramisu | 500g, $4.00, $0.80 per 100g, https://productimages.coles.com.au/productimages/3/3145972.jpg
Snickers Creamy Ice  Confection Bar 6Pack | 234mL, $6.50, $2.78 per 100mL, https://productimages.coles.com.au/productimages/6/6272411.jpg
I&J Beer Battered Fish Fillets | 425g, $6.50, $15.29 per 1kg, https://productimages.coles.com.au/productimages/5/5489860.jpg
Haagen-Dazs Ice Cream Pint Irish Whiskey Chocolate Waffle 8 Pack | 457mL, $13.50, $2.95 per 100mL, https://productimages.coles.com.au/productimages/5/5936550.jpg
Coles Frozen Convenience Meal Spaghetti Bolognese | 375g, $4.00, $1.07 per 100g, https://productimages.coles.com.au/productimages/6/6115683.jpg
Weight Watchers Snap Frozen Mushroom & Pumpkin Risotto | 320g, $3.90, $1.22 per 100g, https://productimages.coles.com.au/productimages/3/3581544.jpg
Farmers Union Light Greek Style Natural Yoghurt | 1kg, $6.00, $0.60 per 100g, https://productimages.coles.com.au/productimages/6/6567776.jpg
Farm Pride Frozen Egg Whites | 950mL, $10.50, $1.11 per 100mL, https://productimages.coles.com.au/productimages/1/1909588.jpg
Big M Banana Split Flavoured Milk | 500mL, $3.40, $6.80 per 1L, https://productimages.coles.com.au/productimages/4/4477694.jpg
Vitasoy Soy Lite Milk | 1L, $2.85, $2.85 per 1L, https://productimages.coles.com.au/productimages/4/4514510.jpg
Coles Irresistible Ice Cream Vanilla Bean | 1L, $6.50, $0.65 per 100mL, https://productimages.coles.com.au/productimages/2/2426251.jpg
Ansell Pink Silverlined Gloves Size 8 | 1 pair, $3.60, $3.60 per 1ea, https://productimages.coles.com.au/productimages/4/439649.jpg
Coles Fruit Apple Pie Snack 4 pack | 500g, $3.60, $0.72 per 100g, https://productimages.coles.com.au/productimages/5/5438778.jpg
King Of Kings Gua Bao Bun | 560g, $9.30, $1.66 per 100g, https://productimages.coles.com.au/productimages/4/4317199.jpg
Oreo Chocolate Wafer Ice Cream Cone With Oreo Biscuit Pieces 4 pack | 475mL, $9.50, $2.00 per 100mL, https://productimages.coles.com.au/productimages/3/3251437.jpg
Inghams Crumbed Nuggets | 400g, $5.50, $13.75 per 1kg, https://productimages.coles.com.au/productimages/4/4314995.jpg
Inghams Crumbed Tenders | 400g, $5.50, $13.75 per 1kg, https://productimages.coles.com.au/productimages/4/4314962.jpg
Gippsland Dairy Passionfruit Twist Yoghurt | 160g, $3.00, $1.88 per 100g, https://productimages.coles.com.au/productimages/9/9907994.jpg
Pauls Rev Low Fat Milk Carton | 1L, $3.50, $3.50 per 1L, https://productimages.coles.com.au/productimages/3/387192.jpg
Shower Power Regular Shower Cleaner Trigger Pack | 500mL, $7.40, $1.48 per 100mL, https://productimages.coles.com.au/productimages/8/8450204.jpg
Coles Frozen Convenience Meal Shepherds Pie | 375g, $4.00, $1.07 per 100g, https://productimages.coles.com.au/productimages/6/6392672.jpg
Dr. Oetker Frozen Ristorante Funghi Mushroom Pizza | 365g, $9.00, $2.47 per 100g, https://productimages.coles.com.au/productimages/7/7308059.jpg
Dare Double Espresso Flavoured Milk | 500mL, $3.70, $7.40 per 1L, https://productimages.coles.com.au/productimages/3/3568590.jpg
Danone Yopro Perform Protein Yoghurt Mango Passionfruit | 175g, $3.70, $2.11 per 100g, https://productimages.coles.com.au/productimages/4/4934901.jpg
Yoplait Petit Miam Squeezie Banana Yoghurt Pouch | 70g, $0.80, $1.14 per 100g, https://productimages.coles.com.au/productimages/6/6569240.jpg
Peters Light & Creamy Classic Vanilla Ice Cream Tub | 1.8L, $5.50, $0.31 per 100mL, https://productimages.coles.com.au/productimages/7/7206977.jpg
McCain Frozen Cheese & Bacon Pizza Slices 6 pack | 600g, $7.00, $1.17 per 100g, https://productimages.coles.com.au/productimages/8/8544829.jpg
I&J Lemon Crumbed Fish Fillets | 425g, $6.50, $15.29 per 1kg, https://productimages.coles.com.au/productimages/5/5489600.jpg
Coles Corn Fritters 10 Pack | 300g, $5.50, $1.83 per 100g, https://productimages.coles.com.au/productimages/3/3051154.jpg
Four N Twenty Angus Beef Pies | 700g, $8.80, $1.26 per 100g, https://productimages.coles.com.au/productimages/4/4227336.jpg
Hot Wheels Basic Car Assorted | 1 pack, $3.50, $3.50 per 1ea, https://productimages.coles.com.au/productimages/5/5408755.jpg
Finish Rinse Aid 0% Dishwasher | 400mL, $10.50, $2.63 per 100mL, https://productimages.coles.com.au/productimages/3/3514194.jpg
Coles Chicken Fettuccine Carbonara | 375g, $4.00, $1.07 per 100g, https://productimages.coles.com.au/productimages/2/2742025.jpg
Kb's Tender Squid Chips Lightly Crumbed | 1kg, $27.50, $27.50 per 1kg, https://productimages.coles.com.au/productimages/4/4284759.jpg
Connoisseur Ice Cream Mini Salted Caramel & Macadamia 6 Pack | 360mL, $9.50, $2.64 per 100mL, https://productimages.coles.com.au/productimages/1/1745389.jpg
Dettol Antibacterial Washing Machine Cleaner | 250mL, $8.00, $32.00 per 1L, https://productimages.coles.com.au/productimages/3/3629083.jpg
Decor Match Ups Containers 500mL | 3 pack, $10.20, $3.40 per 1ea, https://productimages.coles.com.au/productimages/4/4862390.jpg
Bulla Murray St Vanilla Bean & Chocolate Almonds Ice cream Sticks 4 Pack | 400mL, $7.00, $1.75 per 100mL, https://productimages.coles.com.au/productimages/3/3697083.jpg
Devondale Light Milk | 2L, $4.40, $2.20 per 1L, https://productimages.coles.com.au/productimages/1/1911604.jpg
McCain Family Margherita Frozen Pizza | 500g, $8.50, $1.70 per 100g, https://productimages.coles.com.au/productimages/9/9289160.jpg
Oz Group Australian Frozen Blueberries | 250g, $5.00, $2.00 per 100g, https://productimages.coles.com.au/productimages/3/3928754.jpg
Coles Frozen Cauliflower | 500g, $3.00, $6.00 per 1kg, https://productimages.coles.com.au/productimages/1/186587.jpg
Dare Double Espresso Robusta & Arabica Iced Coffee | 750mL, $3.80, $5.07 per 1L, https://productimages.coles.com.au/productimages/3/3643630.jpg
Coles Ultra Dishwashing Liquid Lemon | 900mL, $3.00, $0.33 per 100mL, https://productimages.coles.com.au/productimages/3/3224296.jpg
McCain Frozen Onion Rings | 500g, $5.00, $10.00 per 1kg, https://productimages.coles.com.au/productimages/3/3412478.jpg
Coles Ultra Fresh Citrus Toilet Cleaner Gel | 700mL, $2.30, $0.33 per 100mL, https://productimages.coles.com.au/productimages/8/8359918.jpg
Oreo Ice Cream Sandwich 4 Pack | 540mL, $9.50, $1.76 per 100mL, https://productimages.coles.com.au/productimages/5/5018626.jpg
Coles Frozen Pomegranate Arils | 250g, $4.00, $1.60 per 100g, https://productimages.coles.com.au/productimages/3/3394682.jpg
Bostik Blu Tack | 1 pack, $2.40, $2.40 per 1ea, https://productimages.coles.com.au/productimages/5/5412934.jpg
Ajax Eco Antibacterial Multipurpose Disinfectant Wipes Fresh Lemon | 110 pack, $8.80, $8.00 per 100ea, https://productimages.coles.com.au/productimages/3/3741800.jpg
Coles 100% Recycled Paper Towel | 2 pack, $3.25, $2.32 per 100ea, https://productimages.coles.com.au/productimages/6/6704946.jpg
Coles Bags Trolly Bin Liners | 4 pack, $1.20, $0.30 per 1ea, https://productimages.coles.com.au/productimages/5/5722374.jpg
Connoisseur Ice Cream Mint Cookies 4 Pack | 400mL, $9.50, $2.38 per 100mL, https://productimages.coles.com.au/productimages/5/5019345.jpg
Cadbury Dairy Milk Ice Cream 4 pack | 360mL, $9.50, $2.64 per 100mL, https://productimages.coles.com.au/productimages/3/3880603.jpg
Birds Eye Snap Frozen Peas Corn Capsicum | 500g, $4.00, $8.00 per 1kg, https://productimages.coles.com.au/productimages/1/105701.jpg
Viva Select-A-Size Paper Towels | 4 pack, $7.50, $2.08 per 100ea, https://productimages.coles.com.au/productimages/5/5221528.jpg
Pura Thick Cream | 300mL, $4.30, $1.43 per 100mL, https://productimages.coles.com.au/productimages/5/5435340.jpg
Dettol Multi Purpose Cleaner Crisp Apple Burst | 750mL, $7.00, $0.93 per 100mL, https://productimages.coles.com.au/productimages/4/4256505.jpg
Coles Eucalyptus Wool Wash | 2L, $4.00, $2.00 per 1L, https://productimages.coles.com.au/productimages/3/3091578.jpg
Birds Eye Frozen Shanghai Stir Fry | 500g, $4.50, $9.00 per 1kg, https://productimages.coles.com.au/productimages/9/9730385.jpg
Peters Maxibon Ice Cream Original Vanilla 4 pack | 560mL, $9.50, $1.70 per 100mL, https://productimages.coles.com.au/productimages/6/6143747.jpg
Peters Maxibon Ice Cream Monster Cookie 4 pack | 560mL, $9.50, $1.70 per 100mL, https://productimages.coles.com.au/productimages/6/6143736.jpg
Comfort Fabric Conditioner Sky Blue | 900mL, $10.00, $11.11 per 1L, https://productimages.coles.com.au/productimages/5/5006718.jpg
Borg's Triangles Spinach Cheese | 360g, $4.00, $1.11 per 100g, https://productimages.coles.com.au/productimages/9/9319680.jpg
Vanish Napisan Gold Multi Power Crystal White Stain Remover & Laundry Booster Powder | 2kg, $16.00, $8.00 per 1kg, https://productimages.coles.com.au/productimages/5/5066935.jpg
Dynamo Profession Oxi Plus Laundry Liquid | 1.8L, $25.00, $13.89 per 1L, https://productimages.coles.com.au/productimages/3/3774300.jpg
Sorbent Toilet Tissue Silky White | 32 pack, $16.00, $0.50 per 1ea, https://productimages.coles.com.au/productimages/3/3801695.jpg
Connoisseur Rocky Road 4 Pack | 360mL, $9.50, $2.64 per 100mL, https://productimages.coles.com.au/productimages/5/5488506.jpg
Magic Little Trees Air Freshener | 1 pack, $2.10, $2.10 per 1ea, https://productimages.coles.com.au/productimages/5/5163068.jpg
Poulings Sliced Beef | 290g, $7.50, $2.59 per 100g, https://productimages.coles.com.au/productimages/3/3785792.jpg
Harpic Original White & Shine Bleach Gel | 450mL, $3.50, $0.78 per 100mL, https://productimages.coles.com.au/productimages/5/5179057.jpg
Haagen-Dazs Mango & Raspberry Ice Cream Tub | 457mL, $13.50, $2.95 per 100mL, https://productimages.coles.com.au/productimages/3/3125080.jpg
Vanish Napisan Gold Multi Power 0% Stain Remover & Laundry Booster Powder | 2kg, $16.00, $8.00 per 1kg, https://productimages.coles.com.au/productimages/5/5077352.jpg
Purity Concentrate Laundry Liquid | 2L, $5.60, $2.80 per 1L, https://productimages.coles.com.au/productimages/3/3787969.jpg
Coles Air Freshener Fresh Linen | 150g, $2.70, $1.80 per 100g, https://productimages.coles.com.au/productimages/3/3059032.jpg
Duracell Coppertop Alkaline AAA Batteries | 8 pack, $19.00, $2.38 per 1ea, https://productimages.coles.com.au/productimages/9/9618545.jpg
Borgs Frozen Puff Pastry Sheets | 1.7kg, $7.00, $0.41 per 100g, https://productimages.coles.com.au/productimages/9/9758544.jpg
Travel First Aid Kit | 1 each, $9.99, $9.99 per 1ea, https://productimages.coles.com.au/productimages/6/6172472.jpg
Downy Fabric Enhancer Mystique Liquid | 800mL, $13.00, $16.25 per 1L, https://productimages.coles.com.au/productimages/3/3311620.jpg
Harpic Fresh Power Toilet Cleaner Tropical Blossom | 700mL, $3.50, $0.50 per 100mL, https://productimages.coles.com.au/productimages/3/3035067.jpg
Coles Gloves Rubber Medium | 2 pack, $1.25, $0.63 per 1ea, https://productimages.coles.com.au/productimages/6/6004730.jpg
Biozet Attack Liquid Plus Eliminator | 2L, $13.00, $6.50 per 1L, https://productimages.coles.com.au/productimages/3/3465157.jpg
Bic Mega Lighter | 1 each, $8.50, $8.50 per 1ea, https://productimages.coles.com.au/productimages/2/2396252.jpg
Duracell Medical 3V 2032 Lithium Batteries | 2 pack, $9.50, $4.75 per 1ea, https://productimages.coles.com.au/productimages/1/1584348.jpg
Canesten Antibacterial and Antifungal Hygiene Laundry Rinse Sanitiser Lemon Scented | 1L, $10.00, $10.00 per 1L, https://productimages.coles.com.au/productimages/9/9526902.jpg
Uncle Tobys Vita Brits Cereal | 1kg, $4.50, $0.45 per 100g, https://productimages.coles.com.au/productimages/1/133015.jpg
Coles RSPCA Approved Chicken Burgers Plain Crumb | 400g, $6.50, $16.25 per 1kg, https://productimages.coles.com.au/productimages/2/2903940.jpg
Kettle Sea Salt Potato Chips  | 70g, $2.40, $3.43 per 100g, https://productimages.coles.com.au/productimages/2/2670048.jpg
Dishmatic Handle | 1 pack, $4.20, $4.20 per 1ea, https://productimages.coles.com.au/productimages/7/7120408.jpg
Dettol Multipurpose Wipes Crisp Apple | 110 pack, $12.00, $10.91 per 100ea, https://productimages.coles.com.au/productimages/6/6383296.jpg
Fluffy Concentrate Liquid Fabric Softener Conditioner Fragrance Temptations Spice Allure | 1L, $9.00, $9.00 per 1L, https://productimages.coles.com.au/productimages/7/7945008.jpg
Ajax Spray N Wipe Kitchen Stone Safe Cleaner Trigger Pack | 500mL, $3.50, $0.70 per 100mL, https://productimages.coles.com.au/productimages/9/9891566.jpg
Continental Cup A Soup Creamy Potato & Bacon With Croutons Serves 2 | 50g, $1.40, $2.80 per 100g, https://productimages.coles.com.au/productimages/9/9151606.jpg
Tassal Tasmanian Smoked Salmon | 250g, $17.00, $68.00 per 1kg, https://productimages.coles.com.au/productimages/3/3477123.jpg
Perfect Italiano Shredded Mozzarella | 250g, $5.00, $20.00 per 1kg, https://productimages.coles.com.au/productimages/3/3562164.jpg
Coles Cotton Fresh Fabric Conditioner | 2L, $3.25, $1.63 per 1L, https://productimages.coles.com.au/productimages/2/2732065.jpg
Uncle Tobys Le Snak Cheesy Vegemite Dip & Crackers | 132g, $5.00, $3.79 per 100g, https://productimages.coles.com.au/productimages/5/5578631.jpg
Lindt Lindor Dark Assorted Chocolate Cornet | 327g, $12.00, $3.67 per 100g, https://productimages.coles.com.au/productimages/3/3851547.jpg
Coles Ultra Shine Rinse Aid Regular | 250mL, $1.50, $0.60 per 100mL, https://productimages.coles.com.au/productimages/5/5791173.jpg
Purr Tasty Tuna Salmon & Chicken in Jelly Cat Food | 85g, $1.20, $1.41 per 100g, https://productimages.coles.com.au/productimages/9/9672450.jpg
Purr Cat Treat Tuna Loin | 30g, $2.20, $7.33 per 100g, https://productimages.coles.com.au/productimages/3/3981994.jpg
Multix Baking Paper 10m x 30cm | 10m, $4.00, $0.40 per 1M, https://productimages.coles.com.au/productimages/6/6919840.jpg
Uncle Tobys Plus Antioxidant Cereal | 765g, $7.00, $0.92 per 100g, https://productimages.coles.com.au/productimages/8/8937956.jpg
White King All Purpose Lemon Bleach | 2.5L, $4.25, $1.70 per 1L, https://productimages.coles.com.au/productimages/1/170350.jpg
Heinz Beanz Baked Beans in Tomato Sauce | 555g, $3.50, $6.31 per 1kg, https://productimages.coles.com.au/productimages/3/3026113.jpg
Lilydale Butterflied Boneless Chicken Jamacian Jerk | approx 1.35kg, $20.25, $15.00 per 1kg, https://productimages.coles.com.au/productimages/5/5552274.jpg
Coles Finest Lamb Hand Cut Frenched Cutlet | approx 208g, $8.94, $43.00 per 1kg, https://productimages.coles.com.au/productimages/5/5991514.jpg
Viva Double Length Paper Towels | 2 pack, $7.50, $3.13 per 100ea, https://productimages.coles.com.au/productimages/2/2918256.jpg
Coles Diced Casserole | 500g, $11.00, $22.00 per 1kg, https://productimages.coles.com.au/productimages/6/6331623.jpg
Coles Slow Cooked Pork Knuckle | approx 1Kg, $13.00, $13.00 per 1kg, https://productimages.coles.com.au/productimages/3/3766255.jpg
Coles No Added Hormone Beef Roast Topside | approx 1.3kg, $23.40, $18.00 per 1kg, https://productimages.coles.com.au/productimages/3/3492637.jpg
Coles Free Range RSPCA Approved Chicken Mango & Coconut | approx 950g, $13.30, $14.00 per 1kg, https://productimages.coles.com.au/productimages/4/4454280.jpg
Coles Free Range Pork Belly Slices 11X5 | 400g, $12.00, $30.00 per 1kg, https://productimages.coles.com.au/productimages/3/3781816.jpg
Tamar Valley The Creamery Yoghurt Blueberries & Cream | 700g, $7.50, $1.07 per 100g, https://productimages.coles.com.au/productimages/4/4345401.jpg
Philadelphia Portions Cream Cheese Original Spread | 150g, $4.00, $26.67 per 1kg, https://productimages.coles.com.au/productimages/5/5432035.jpg
Lilydale Free Range Chicken Mince | 500g, $9.50, $19.00 per 1kg, https://productimages.coles.com.au/productimages/7/7585263.jpg
The Fishery Sardine Fillets | 250g, $9.50, $38.00 per 1kg, https://productimages.coles.com.au/productimages/5/5621559.jpg
Coles RSPCA Approved Chicken & Cheese Burgers | 450g, $8.50, $18.89 per 1kg, https://productimages.coles.com.au/productimages/5/5932209.jpg
Cleaver's Beef Sausages Paleo Gluten Free Organic                                                                                           | 450g, $10.50, $23.33 per 1kg, https://productimages.coles.com.au/productimages/2/2598520.jpg
Sanitarium Up&Go Protein Energize Liquid Breakfast Vanilla 12X250mL | 3L, $14.50, $4.83 per 1L, https://productimages.coles.com.au/productimages/4/4233317.jpg
Multix Non-Stick Baking & Cooking Paper 50m x 30cm | 50m, $12.00, $0.24 per 1M, https://productimages.coles.com.au/productimages/8/8141447.jpg
Dine Fresh And Fine Chunks In Gravy With Chicken And Turkey Cat Food Pouch 6x50g | 6 pack, $6.00, $2.00 per 100g, https://productimages.coles.com.au/productimages/4/4503626.jpg
Cleaver's Beef Hotdog Grass Fed Organic Gluten Free | 275g, $10.50, $38.18 per 1kg, https://productimages.coles.com.au/productimages/3/3050945.jpg
Comfort Fabric Conditioner Rosy Blush | 900mL, $10.00, $11.11 per 1L, https://productimages.coles.com.au/productimages/5/5006638.jpg
Sunrice Gluten Free Rice & Quinoa Microwave Cups 2 Pack | 250g, $3.50, $1.40 per 100g, https://productimages.coles.com.au/productimages/2/2017795.jpg
Coles Ultra Concentrate Dishwashing Liquid Lemon | 450mL, $1.90, $0.42 per 100mL, https://productimages.coles.com.au/productimages/7/7602930.jpg
Coles Graze Grassfed Beef New York Strip Steak | 380g, $17.00, $44.74 per 1kg, https://productimages.coles.com.au/productimages/3/3855264.jpg
British Cumberland Sausages | 500g, $8.50, $17.00 per 1kg, https://productimages.coles.com.au/productimages/2/2814818.jpg
Coles Cat Food Mince With Chicken Gravy Adult | 400g, $1.75, $0.44 per 100g, https://productimages.coles.com.au/productimages/6/6429091.jpg
Tassal Tasmanian Smoked Salmon | 150g, $12.00, $80.01 per 1kg, https://productimages.coles.com.au/productimages/3/3477054.jpg
Continental Sensation Cheesy Broccoli & Potato Soup Serves 2 | 56g, $3.50, $6.25 per 100g, https://productimages.coles.com.au/productimages/3/3716224.jpg
Redheads Handy Pack Matches | 270 pack, $3.30, $1.22 per 100ea, https://productimages.coles.com.au/productimages/5/5115316.jpg
Lilydale Free Range Chicken Stir Fry Large Pack | approx 1.2kg, $19.80, $16.50 per 1kg, https://productimages.coles.com.au/productimages/4/4671450.jpg
Decor Match Ups Container 200mL | 1 each, $3.50, $3.50 per 1ea, https://productimages.coles.com.au/productimages/1/1898812.jpg
Coles Beef Rump Steak | approx 832g, $24.96, $30.00 per 1kg, https://productimages.coles.com.au/productimages/5/5132370.jpg
Coles RSPCA Approved Chicken Kebabs Honey & Soy | 375g, $7.50, $20.00 per 1kg, https://productimages.coles.com.au/productimages/3/3745710.jpg
Coles Made Easy Chicken Strips In Souvlaki Seasoning | 500g, $10.00, $20.00 per 1kg, https://productimages.coles.com.au/productimages/3/3029155.jpg
Coles Hot Smoked Salmon Cracked Pepper | 150g, $8.50, $56.67 per 1kg, https://productimages.coles.com.au/productimages/3/3582092.jpg
Hercules Clickzip Snack Bags Small 15cm x 10cm | 40 pack, $2.35, $0.06 per 1ea, https://productimages.coles.com.au/productimages/8/8688953.jpg
Coles Beef Kebabs | 500g, $7.50, $15.00 per 1kg, https://productimages.coles.com.au/productimages/4/4469970.jpg
Pedigree Homestyle Chicken With Rice & Vegies Adult Wet Dog Food Can | 1.2kg, $4.00, $0.33 per 100g, https://productimages.coles.com.au/productimages/7/7335357.jpg
Sanitarium Up&Go Liquid Breakfast Vanilla Ice Fridge Pack 12X250mL | 3L, $14.50, $4.83 per 1L, https://productimages.coles.com.au/productimages/1/1170130.jpg
Coles Finest Mixed Selection Sausage Pack | 500g, $8.00, $16.00 per 1kg, https://productimages.coles.com.au/productimages/5/5928529.jpg
Lilydale Free Range Chicken Thigh Fillets Small Pack               | approx 545g, $11.45, $21.00 per 1kg, https://productimages.coles.com.au/productimages/8/8227735.jpg
Coles Lean Salt Reduced Beef Corned Silverside | approx 1kg, $14.00, $14.00 per 1kg, https://productimages.coles.com.au/productimages/1/1176308.jpg
Coles RSPCA Approved Chicken Frames | approx 750g, $4.12, $5.50 per 1kg, https://productimages.coles.com.au/productimages/3/3199541.jpg
Coles RSPCA Approved Chicken Southern Fried Thigh Burger | 400g, $11.00, $27.50 per 1kg, https://productimages.coles.com.au/productimages/3/3270974.jpg
Drovers Beef Ribs | approx 1.7kg, $20.40, $12.00 per 1kg, https://productimages.coles.com.au/productimages/2/2891502.jpg
Schmackos Tasty Bites Dog Treats Chewy Cubes With Chicken | 130g, $4.50, $3.46 per 100g, https://productimages.coles.com.au/productimages/3/3376250.jpg
Coles Rspca Approved Chicken Breast Kiev Creamy Garlic | 350g, $9.50, $27.14 per 1kg, https://productimages.coles.com.au/productimages/2/2903860.jpg
Coles Beef Basted Rawhide Chews | 100g, $3.80, $3.80 per 100g, https://productimages.coles.com.au/productimages/1/1790113.jpg
Pedigree Puppy Dry Dog Food Chicken With Rice | 2.5 kg, $14.00, $0.56 per 100g, https://productimages.coles.com.au/productimages/3/3993880.jpg
Nature's Gift Adult All Breeds Wet Dog Food Loaf Chicken Rice & Vegetables | 1.2kg, $4.50, $0.38 per 100g, https://productimages.coles.com.au/productimages/3/3589976.jpg
Lilydale Honey Cinnamon Wings | 500g, $9.50, $19.00 per 1kg, https://productimages.coles.com.au/productimages/5/5095616.jpg
Optimum Adult Dog Food With Real Kangaroo & Vegetables | 100g, $1.25, $1.25 per 100g, https://productimages.coles.com.au/productimages/3/3015875.jpg
Coles Beef BBQ Burgers 10 pack | 1kg, $11.00, $11.00 per 1kg, https://productimages.coles.com.au/productimages/2/2814953.jpg
Golden Circle 100 Percent Apple Blackcurrant Juice | 2L, $3.50, $1.75 per 1L, https://productimages.coles.com.au/productimages/2/2044539.jpg
Coles Red Ribbon Liver Pieces | 100g, $4.00, $4.00 per 1ea, https://productimages.coles.com.au/productimages/1/1790180.jpg
Coles Beef Eye Fillet Roast | approx 500g, $26.00, $52.00 per 1kg, https://productimages.coles.com.au/productimages/8/8598704.jpg
Coles Rump Steak 2 Pack | 215g, $7.50, $34.88 per 1kg, https://productimages.coles.com.au/productimages/4/4501290.jpg
Purina One Senior 7+ Chicken Pouch Cat Food | 70g, $2.30, $3.29 per 100g, https://productimages.coles.com.au/productimages/3/3864108.jpg
Coles RSPCA Approved Chicken Necks | approx 1.1kg, $7.15, $6.50 per 1kg, https://productimages.coles.com.au/productimages/1/1491280.jpg
Fussy Cat Grain Free Adult Wet Cat food Chicken & Turkey With Cranberry | 400g, $2.20, $0.55 per 100g, https://productimages.coles.com.au/productimages/2/2912657.jpg
My Dog Select Toppings With Tender Chicken & Cheese Adult Wet Dog Food | 100g, $1.70, $1.70 per 100g, https://productimages.coles.com.au/productimages/8/8919150.jpg
Fussy Cat Grain Free Adult Dry Cat food Beef & Kangaroo With Sweet Potato | 500g, $6.00, $1.20 per 100g, https://productimages.coles.com.au/productimages/9/9112896.jpg
Trill Bird Seed Budgie Mix | 1.8kg, $6.00, $6.00 per each, https://productimages.coles.com.au/productimages/3/3769311.jpg
Coles Cat Food Beef & Liver | 400g, $1.75, $0.44 per 100g, https://productimages.coles.com.au/productimages/2/2916090.jpg
Tassal Tasmanian Smoked Salmon Pieces For Cooking | 200g, $8.00, $40.00 per 1kg, https://productimages.coles.com.au/productimages/7/7601621.jpg
Tassal Tasmanian Smoked Salmon | 100g, $9.00, $90.00 per 1kg, https://productimages.coles.com.au/productimages/3/3729747.jpg
Optimum Adult Dog Food Salmon And Rice | 100g, $1.25, $1.25 per 100g, https://productimages.coles.com.au/productimages/4/4930230.jpg
Coles Beef Ribs | approx 800g, $11.20, $14.00 per 1kg, https://productimages.coles.com.au/productimages/2/2888519.jpg
Coles RSPCA Approved Chicken Kebas With Thai Rub | 750g, $12.00, $16.00 per 1kg, https://productimages.coles.com.au/productimages/5/5472696.jpg
Woofin Good Calming Dog Treat | 150g, $7.00, $4.67 per 100g, https://productimages.coles.com.au/productimages/3/3712609.jpg
Coles Made Easy Slow Cooked Beef Ragu In Tomato Sauce | 750g, $15.00, $20.00 per 1kg, https://productimages.coles.com.au/productimages/3/3156538.jpg
Coles Pork Loin Steaks With Smokey BBQ Rub | 400g, $9.00, $22.50 per 1kg, https://productimages.coles.com.au/productimages/3/3870778.jpg
Fancy Feast Creamy Delights With Grilled Tuna Cat Food | 85g, $1.30, $1.53 per 100g, https://productimages.coles.com.au/productimages/4/4492100.jpg
Coles Tasmanian Salmon Portions With Lemon & Herb Crumb | 500g, $17.50, $35.00 per 1kg, https://productimages.coles.com.au/productimages/3/3777637.jpg
Fancy Feast Royale Virgin Flaked Tuna Cat Food | 85g, $2.70, $3.18 per 100g, https://productimages.coles.com.au/productimages/9/9416879.jpg
Vitapet Jerhigh Milky Sticks With Real Chicken Dog Treats | 400g, $20.00, $5.00 per 100g, https://productimages.coles.com.au/productimages/3/3742199.jpg
Purina One Adult Dry Cat Food Hairball Chicken | 1.4kg, $20.50, $1.46 per 100g, https://productimages.coles.com.au/productimages/5/5027376.jpg
Optimum Dry Cat Food Adult Furball With Chicken | 2kg, $24.00, $1.20 per 100g, https://productimages.coles.com.au/productimages/3/3250864.jpg
Breeders Choice Choice Cat Litter Paper | 6L, $9.00, $1.50 per 1L, https://productimages.coles.com.au/productimages/4/4203622.jpg
Felix Sensations Jellies Fishy Selection Cat Food | 12 pack, $14.50, $1.42 per 100g, https://productimages.coles.com.au/productimages/2/2740868.jpg
Fancy Feast Petit Cuisine Chicken Turkey Cat Food 6x50g | 6 pack, $5.00, $1.67 per 100g, https://productimages.coles.com.au/productimages/3/3588361.jpg
Coles Chunky Recipe Chilled Fresh Dog & Cat Food Mince | 800g, $5.10, $0.64 per 100g, https://productimages.coles.com.au/productimages/5/5208982.jpg
4 Legs Lamb With Beetroot & Green Beans Dog Food Trays | 1.3kg, $8.50, $0.65 per 100g, https://productimages.coles.com.au/productimages/3/3618983.jpg
Pet Treat Bar Venison Soft Jerky | approx 100g, $6.00, $60.00 per 1kg, https://productimages.coles.com.au/productimages/3/3885389.jpg
Vittoria Freeze Dried Italian Instant Coffee | 400g, $32.00, $8.00 per 100g, https://productimages.coles.com.au/productimages/4/4824255.jpg
Monster Energy Mango Loco Multipack Cans 4 x 500mL | 4 Pack, $8.30, $4.15 per 1L, https://productimages.coles.com.au/productimages/3/3290712.jpg
Coles Dental Stick Daily Oral Care Dog Treat | 7 pack, $3.00, $0.43 per 1ea, https://productimages.coles.com.au/productimages/4/4864657.jpg
Coles Cat Litter Crystal | 6kg, $31.00, $5.17 per 1kg, https://productimages.coles.com.au/productimages/4/4780320.jpg
Felix Sensations Jellies  Favourites Menu Cat Food  12x85g | 12 pack, $14.50, $1.42 per 100g, https://productimages.coles.com.au/productimages/2/2740879.jpg
Applaws Chicken Breast Cat Food | 70g, $2.20, $3.14 per 100g, https://productimages.coles.com.au/productimages/8/8968166.jpg
4 Legs Slow Cooked Beef Pumpkin Broccoli & Cous Cous Dog Food | 250g, $5.00, $2.00 per 100g, https://productimages.coles.com.au/productimages/5/5286873.jpg
Gatorade Orange Ice Sports Drink | 600mL, $2.30, $3.83 per 1L, https://productimages.coles.com.au/productimages/5/5594671.jpg
Bundaberg Brewed Drink Ginger Beer 4x375mL | 4 pack, $4.90, $3.27 per 1L, https://productimages.coles.com.au/productimages/5/5595856.jpg
Fanta Orange Zero Sugar Soft Drink Bottle 1.25L | 1.25L, $1.70, $1.36 per 1L, https://productimages.coles.com.au/productimages/3/3585556.jpg
Coles Apple Juice | 3L, $5.00, $1.67 per 1L, https://productimages.coles.com.au/productimages/1/1882506.jpg
Vitapet Pocket Rewards Chicken With Spinach & Carrots Dog Treat | 70g, $4.40, $6.29 per 100g, https://productimages.coles.com.au/productimages/3/3996710.jpg
Whiskas Adult 7+ Dry Cat Food With Tuna & Sardine | 1.8kg, $14.00, $0.78 per 100g, https://productimages.coles.com.au/productimages/4/4245972.jpg
Schweppes Soda Water Mixers 4X300Ml | 4 pack, $4.50, $3.75 per 1L, https://productimages.coles.com.au/productimages/7/7351965.jpg
Dine Classic Collection Pouch Cat Food Fish Selection In Jelly 12x85g | 12 pack, $15.00, $1.47 per 100g, https://productimages.coles.com.au/productimages/5/5188273.jpg
My Dog Home Delights Chunks In Gravy With Slow Cooked Chicken Pasta And Vegetables | 100g, $1.70, $1.70 per 100g, https://productimages.coles.com.au/productimages/4/4473478.jpg
Gatorade Sport Drink Glacefreeze No Sugar | 600mL, $2.30, $3.83 per 1L, https://productimages.coles.com.au/productimages/3/3807953.jpg
Original Juice Co. Black Label Limited Edition Juice | 1.5L, $5.00, $3.33 per 1L, https://productimages.coles.com.au/productimages/8/8190158.jpg
Optimum Adult Toy / Small Breed With Chicken Vegetables & Rice Dry Dog Food | 3kg, $17.50, $0.58 per 100g, https://productimages.coles.com.au/productimages/7/7848180.jpg
Coles Deli RSPCA Approved Chicken Breast Kebab Honey Soy | 1 each, $1.10, $1.10 per 1ea, https://productimages.coles.com.au/productimages/3/3048069.jpg
Coles Sports Spring Water | 1L, $1.10, $1.10 per 1L, https://productimages.coles.com.au/productimages/3/3871475.jpg
Schweppes Natural Mineral Water | 1.1L, $2.60, $2.36 per 1L, https://productimages.coles.com.au/productimages/3/3014974.jpg
Powerade ION4 Gold Rush Sports Drink Sipper Cap | 600mL, $3.85, $6.42 per 1L, https://productimages.coles.com.au/productimages/1/1726045.jpg
Fussy Cat Grain Free Adult Chilled Fresh Cat Food Prime Steak Mince with Salmon | 450g, $6.50, $1.44 per 100g, https://productimages.coles.com.au/productimages/4/4309099.jpg
Temptations Cat Treats Creamy Dairy | 85g, $3.50, $4.12 per 100g, https://productimages.coles.com.au/productimages/4/4199718.jpg
Maximus Grape Sports Drink | 1L, $2.50, $2.50 per 1L, https://productimages.coles.com.au/productimages/3/3049447.jpg
Nudie Nothing But Juice Orange | 3L, $11.00, $3.67 per 1L, https://productimages.coles.com.au/productimages/2/2999418.jpg
Nature's Gift Mini Dog Treats Kangaroo | 130g, $3.50, $2.69 per 100g, https://productimages.coles.com.au/productimages/6/6136640.jpg
Vittoria Freeze Dried Latte Instant Coffee | 400g, $32.00, $8.00 per 100g, https://productimages.coles.com.au/productimages/4/4824379.jpg
Gatorade Lemon Lime Sports Drink | 600mL, $2.30, $3.83 per 1L, https://productimages.coles.com.au/productimages/5/5468870.jpg
OB Finest Gluten Free Wafer Crackers | 100g, $3.50, $3.50 per 100g, https://productimages.coles.com.au/productimages/3/3053080.jpg
OB Finest Cranberry & Pumpkin Seed Crackers | 150g, $6.50, $4.33 per 100g, https://productimages.coles.com.au/productimages/2/2792395.jpg
Thomson's Deli Shaved Leg Ham | 100g, $2.10, $21.00 per 1kg, https://productimages.coles.com.au/productimages/5/5005500.jpg
Ocean Spray Light Cranberry Fruit Drink | 1.5L, $6.25, $4.17 per 1L, https://productimages.coles.com.au/productimages/4/4586598.jpg
Powerade Sports Drink Sipper Cap Kiwi | 600mL, $3.85, $6.42 per 1L, https://productimages.coles.com.au/productimages/5/5484742.jpg
Mount Franklin Lightly Sparkling Water Lemon | 1.25L, $1.35, $1.08 per 1L, https://productimages.coles.com.au/productimages/7/7910670.jpg
Dine Pulled Menu Salmon Cat Food | 85g, $1.10, $1.29 per 100g, https://productimages.coles.com.au/productimages/5/5190435.jpg
Coles Dog Food Casserole Beef | 1.2 kg, $3.45, $0.29 per 100g, https://productimages.coles.com.au/productimages/7/7479743.jpg
Coles Classic Homestyle Hot Roast Lamb | 1 each, currently unavailable, currently unavailable per each, https://productimages.coles.com.au/productimages/4/4815979.jpg
Fiji Water Natural Artesian | 1L, $2.80, $2.80 per 1L, https://productimages.coles.com.au/productimages/1/1068316.jpg
Pepsi Soft Drink Max Vanilla Bottle | 1.25L, $2.85, $2.28 per 1L, https://productimages.coles.com.au/productimages/2/2765494.jpg
Provedore Garlic & Fennel Salami | 100g, $6.00, $60.00 per 1kg, https://productimages.coles.com.au/productimages/3/3881639.jpg
Coles Tonic Water | 1.25L, $0.90, $0.72 per 1L, https://productimages.coles.com.au/productimages/5/5180362.jpg
Mountain Dew Caffeinated Citrus | 1.25L, $2.85, $2.28 per 1L, https://productimages.coles.com.au/productimages/9/9855562.jpg
Red Bull Energy Drink Can | 473mL, $4.90, $10.36 per 1L, https://productimages.coles.com.au/productimages/7/7255622.jpg
Don Ready To Eat Kabana Minis | 140g, $4.00, $28.57 per 1kg, https://productimages.coles.com.au/productimages/6/6284669.jpg
Nudie Nothing But 100% Fresh Orange Juice | 1L, $5.00, $5.00 per 1L, https://productimages.coles.com.au/productimages/8/8738530.jpg
Mother Black Multipack Cans 4 X 500mL | 4 pack, $7.40, $3.70 per 1L, https://productimages.coles.com.au/productimages/6/6907295.jpg
Coles Natural Coconut Water | 1L, $3.20, $3.20 per 1L, https://productimages.coles.com.au/productimages/3/3277452.jpg
Kirks Sugar Free Orange Soft Drink Bottle | 1.25L, $2.35, $1.88 per 1L, https://productimages.coles.com.au/productimages/6/6421362.jpg
Farmers Market Dog Treats Australian Chicken Jerky Bites | 165g, $7.00, $4.24 per 100g, https://productimages.coles.com.au/productimages/5/5488313.jpg
Schweppes Agrum Blood Orange Mixers | 1.1L, $2.60, $2.36 per 1L, https://productimages.coles.com.au/productimages/3/3014850.jpg
Sprite Lemonade Soft Drink Multipack Mini Cans 6x250mL | 6 pack, $8.35, $5.57 per 1L, https://productimages.coles.com.au/productimages/4/4398747.jpg
Thomson's Deli Shredded Chicken Value Pack | 500g, $7.50, $15.00 per 1kg, https://productimages.coles.com.au/productimages/4/4653935.jpg
Fragassi Basilico Pasta Sauce | 500g, $8.30, $1.66 per 100g, https://productimages.coles.com.au/productimages/3/3775813.jpg
Golden Circle Sunshine Punch Fruit Drink | 1L, $2.60, $2.60 per 1L, https://productimages.coles.com.au/productimages/6/6909461.jpg
Monster Energy Can Drink Ultra Gold | 500mL, $3.70, $7.40 per 1L, https://productimages.coles.com.au/productimages/5/5155220.jpg
Coles Lightly Sparkling Water 500Ml | 20 pack, $9.50, $0.95 per 1L, https://productimages.coles.com.au/productimages/3/3277521.jpg
Powerade Isotonic Berry Ice Sports Drink Sipper Cap | 1L, $2.95, $2.95 per 1L, https://productimages.coles.com.au/productimages/2/2784273.jpg
British Sausage Co Smoked Back Bacon | 200g, $7.00, $35.00 per 1kg, https://productimages.coles.com.au/productimages/2/2805362.jpg
Don Crafted Cuts Hardwood Double Smoked Leg Ham | 100g, $4.50, $45.00 per 1kg, https://productimages.coles.com.au/productimages/4/4253198.jpg
Coles Deli RSPCA Approved Chicken Breast Satay Style Kebab | 1 each, $1.10, $1.10 per 1ea, https://productimages.coles.com.au/productimages/3/3386072.jpg
Coles Fat Free Instant Skim Milk Powder | 1kg, $10.00, $1.00 per 100g, https://productimages.coles.com.au/productimages/7/7910660.jpg
Coles Classic Homestyle No Added Hormones Hot Beef Brisket | 1 each, currently unavailable, currently unavailable per each, https://productimages.coles.com.au/productimages/4/4816869.jpg
Robert Timms Gold Colombia Coffee Bags Strong 160g | 28 Pack, $13.50, $0.48 per 1ea, https://productimages.coles.com.au/productimages/3/3511630.jpg
Coles Deli Seafood Salad | approx 250g, $4.75, $19.00 per 1kg, https://productimages.coles.com.au/productimages/1/1026032.jpg
Provedore Salami & Prosciutto Tasting Plate | 100g, $7.00, $70.00 per 1kg, https://productimages.coles.com.au/productimages/5/5009261.jpg
Coles Deli Thawed Seafood Highlighter | approx 250g, $1.50, $6.00 per 1kg, https://productimages.coles.com.au/productimages/1/1017756.jpg
Primo Rindless Middle Bacon | 250g, $6.20, $24.80 per 1kg, https://productimages.coles.com.au/productimages/4/4259897.jpg
Coles Dolmades Large Round 12 Pack | 280g, $7.00, $2.50 per 100g, https://productimages.coles.com.au/productimages/3/3605405.jpg
Primo Middle Bacon | 750g, $15.50, $20.67 per 1kg, https://productimages.coles.com.au/productimages/4/4258996.jpg
Nudie Tropical Breakfast Juice Chilled | 2L, $8.00, $4.00 per 1L, https://productimages.coles.com.au/productimages/1/1011975.jpg
Coles Pancetta | approx100g, $3.80, $38.00 per 1kg, https://productimages.coles.com.au/productimages/3/3174868.jpg
Coles Pineapple Drink | 1.25L, $0.90, $0.72 per 1L, https://productimages.coles.com.au/productimages/5/5179181.jpg
Don Italian Style Shaved Salami | 160g, $6.40, $40.00 per 1kg, https://productimages.coles.com.au/productimages/6/6284680.jpg
Powerade Mountain Blast Zero Sports Drink Sipper Cap | 600mL, $3.85, $6.42 per 1L, https://productimages.coles.com.au/productimages/1/1726012.jpg
Schweppes Zero Sugar Ginger Ale  Mixers | 1.1L, $2.60, $2.36 per 1L, https://productimages.coles.com.au/productimages/3/3014792.jpg
Coles Free Range Chicken Breast Carved Roast Lemon Pepper & Herb | 200g, $7.50, $37.50 per 1kg, https://productimages.coles.com.au/productimages/5/5488110.jpg
Bertocchi Olive Mortadella | approx 100g, $1.15, $11.50 per 1kg, https://productimages.coles.com.au/productimages/9/9777050.jpg
Coles Deli Express Kabana | 220g, $4.50, $20.45 per 1kg, https://productimages.coles.com.au/productimages/3/3465543.jpg
Coles Spicy Chorizo Salami Knob | 200g, $6.90, $34.50 per 1kg, https://productimages.coles.com.au/productimages/3/3467039.jpg
Coles Deli RSPCA Approved Chicken Schnitzel | 250g, $4.00, $16.00 per 1kg, https://productimages.coles.com.au/productimages/4/4144829.jpg
British Sausage Co. Smoked Streaky Bacon | 175g, $7.00, $40.00 per 1ea, https://productimages.coles.com.au/productimages/4/4332396.jpg
Coles Italian Style Salami | approx 100g, $3.05, $30.50 per 1kg, https://productimages.coles.com.au/productimages/3/3174880.jpg
Don Liverwurst Latvian | 100g, $2.50, $25.00 per 1kg, https://productimages.coles.com.au/productimages/9/9363954.jpg
Nudie Nothing But 100% Fresh Orange Pulp Free Juice | 1L, $5.00, $5.00 per 1L, https://productimages.coles.com.au/productimages/8/8738552.jpg
Coles Deli Express Primo Speck | approx300g, $8.70, $29.00 per 1kg, https://productimages.coles.com.au/productimages/3/3110832.jpg
Jarlsberg Swiss Original Wedge Cut | approx 100g, $3.40, $34.00 per 1kg, https://productimages.coles.com.au/productimages/6/6103797.jpg
Coles Deli Thawed Cooked Peeled Prawn Cutlets | 1kg, $29.00, $29.00 per 1kg, https://productimages.coles.com.au/productimages/2/2210591.jpg
Coles Australian Made Sliced Honey Ham | 150g, $5.70, $38.00 per 1kg, https://productimages.coles.com.au/productimages/5/5012211.jpg
Provedore Salami Tasting Plate | 100g, $7.00, $70.00 per 1kg, https://productimages.coles.com.au/productimages/5/5009272.jpg
Coles Australian Made Double Smoked Leg Ham | 150g, $5.70, $38.00 per 1kg, https://productimages.coles.com.au/productimages/5/5012244.jpg
Udder Delights Truffle Brie | approx 100g, $5.00, $50.00 per 1kg, https://productimages.coles.com.au/productimages/3/3897130.jpg
Coles Deli Colossal Kalamata Olives | approx 100g, $2.00, $20.00 per 1kg, https://productimages.coles.com.au/productimages/6/6970269.jpg
Johnson's Baby Oil Aloe Vera & Vitamin E | 500mL, $12.50, $2.50 per 100mL, https://productimages.coles.com.au/productimages/8/8582500.jpg
Keep It Cleaner Toddler Pasta Sauce Tomato & Hidden Vegetable | 250g, $4.50, $1.80 per 100g, https://productimages.coles.com.au/productimages/5/5052770.jpg
Rascal + Friends Nappy Pants Size 6 Junior | 24 pack, $16.50, $0.69 per 1ea, https://productimages.coles.com.au/productimages/3/3445954.jpg
Huggies Ultra Dry Nappies Girls Size 6 (16kg+) | 30 pack, $16.00, $0.53 per 1ea, https://productimages.coles.com.au/productimages/9/9636106.jpg
Only Organic Apple Peach Apricot Pouch | 120g, currently unavailable, currently unavailable per each, https://productimages.coles.com.au/productimages/1/1757560.jpg
Only Organic Carrots Red Lentils & Cheddar Baby Food Pouch 8+ Months | 120g, $1.50, $1.25 per 100g, https://productimages.coles.com.au/productimages/8/8988935.jpg
Coles Deli Express Sliced Prosciutto | 100g, $7.00, $70.00 per 1kg, https://productimages.coles.com.au/productimages/3/3913101.jpg
Ecostore Baby Bubble Bath | 500mL, $14.00, $2.80 per 100mL, https://productimages.coles.com.au/productimages/3/3779417.jpg
Coles Deli Thawed Squid Tubes | approx 250g, $5.38, $21.50 per 1kg, https://productimages.coles.com.au/productimages/5/5936593.jpg
Little Bellies Organic Oat & Raisin Abc's Biscuits | 130g, $5.50, $4.23 per 100g, https://productimages.coles.com.au/productimages/5/5033619.jpg
Jacob's Creek Chardonnay Pinot Noir NV 750mL | 1 Each, $13.00, $17.33 per 1L, https://productimages.coles.com.au/productimages/8/8240471.jpg
Lilydale Lemon Pepper Roast Chicken | approx 100g, $2.60, $26.00 per 1kg, https://productimages.coles.com.au/productimages/4/4651394.jpg
Woodstock Bourbon & Cola 10% Can 200mL | 4 Pack, $23.00, $28.75 per 1L, https://productimages.coles.com.au/productimages/7/7390424.jpg
Johnson's Baby Fresh Scented Lotion | 500mL, $11.00, $2.20 per 100mL, https://productimages.coles.com.au/productimages/2/2391601.jpg
Aptamil Profutura Junior Formula From 3 Years | 900g, $43.00, $4.78 per 100g, https://productimages.coles.com.au/productimages/4/4150129.jpg
Bellamy's Organic Milk & Vanilla Baby Rice | 125g, $4.40, $3.52 per 100g, https://productimages.coles.com.au/productimages/2/2131553.jpg
Rafferty's Garden Fig & Apricot Baked Oat Bites 12M+ Months | 30g, $3.00, $10.00 per 100g, https://productimages.coles.com.au/productimages/5/5149205.jpg
Baby Bellies Organic Smoothie Bowl Banana Apple And Oats | 110g, $2.00, $1.82 per 100g, https://productimages.coles.com.au/productimages/4/4197971.jpg
Coles Deli Express Double Smoked Ham | 150g, $6.40, $42.67 per 1kg, https://productimages.coles.com.au/productimages/3/3582773.jpg
Huggies Little Swimmers Nappies Medium | 11 pack, $17.00, $1.55 per 1ea, https://productimages.coles.com.au/productimages/8/8383333.jpg
Moira Mac's Snackers Classic Mini Chicken Kebabs | 90g, $4.40, $48.89 per 1kg, https://productimages.coles.com.au/productimages/4/4506249.jpg
Karicare Goat Milk Infant Formula | 900g, $50.00, $5.56 per 100g, https://productimages.coles.com.au/productimages/4/4991905.jpg
Primo Mild Cacciatori Salami | 1 each, $6.70, $6.70 per 1ea, https://productimages.coles.com.au/productimages/3/3075050.jpg
Aptamil Gold+ Lactose Intolerance Baby Infant Formula From Birth to 12 Months  | 900g, $32.00, $3.56 per 100g, https://productimages.coles.com.au/productimages/1/1315878.jpg
Ruski Lemon Bottle 275mL | 4 Pack, $15.00, $13.64 per 1L, https://productimages.coles.com.au/productimages/4/479622.jpg
De Bortoli Premium Cabernet Merlot Cask 4 Litre | 1 Each, $22.00, $5.50 per 1L, https://productimages.coles.com.au/productimages/4/464345.jpg
Only Organic Mango & Goji Berry Greek Yoghurt Brekkie 1-5 Years | 100g, currently unavailable, currently unavailable per each, https://productimages.coles.com.au/productimages/2/2134245.jpg
Jacob's Creek Double Barrel Shiraz 750mL | 1 Each, $25.00, $33.33 per 1L, https://productimages.coles.com.au/productimages/1/1984095.jpg
Karicare+ 4 Toddler Milk Drink From 2 Years | 900g, $20.00, $2.22 per 100g, https://productimages.coles.com.au/productimages/1/1189398.jpg
Whispers Sparkling Pink Moscato 750mL | 1 Each, $5.00, $6.67 per 1L, https://productimages.coles.com.au/productimages/8/8325155.jpg
Rafferty's Garden Spinach & Ricotta Cannelloni 12+ Months | 200g, $3.00, $1.50 per 100g, https://productimages.coles.com.au/productimages/5/5046643.jpg
Only Organic Cheese Vegetable Lasagne 10+ Months | 170g, $2.90, $1.71 per 100g, https://productimages.coles.com.au/productimages/3/3288801.jpg
Heinz Lamb & Veg 6+ Months | 170g, $1.80, $1.06 per 100g, https://productimages.coles.com.au/productimages/2/2366740.jpg
Aptamil Profutura Follow On Formula From 6-12 Months | 900g, $45.00, $5.00 per 100g, https://productimages.coles.com.au/productimages/4/4150071.jpg
Primo Kransky | 1 each, $2.70, $2.70 per 1ea, https://productimages.coles.com.au/productimages/2/2090128.jpg
Berri Fresh Dry White Cask 5L | 1 Each, $17.00, $3.40 per 1L, https://productimages.coles.com.au/productimages/5/550529.jpg
Huggies Ultra Dry Nappies Boys Size 4 (10-15kg) | 36 pack, $16.00, $0.44 per 1ea, https://productimages.coles.com.au/productimages/6/6803890.jpg
Penfolds Koonunga Hill Shiraz 750mL | 1 Each, $14.00, $18.67 per 1L, https://productimages.coles.com.au/productimages/8/8265268.jpg
Alula S-26 Gold Stage 1 Formula 0-6Months | 900g, $30.00, $3.33 per 100g, https://productimages.coles.com.au/productimages/3/3025609.jpg
Smirnoff Seltzer Lime Can 250mL | 4 Pack, $20.00, $20.00 per 1L, https://productimages.coles.com.au/productimages/3/3873539.jpg
Sensi Prosecco DOC 18K Gold 750mL | 1 Each, $20.00, $26.67 per 1L, https://productimages.coles.com.au/productimages/1/1522850.jpg
Farex Breakfast On The Go Oatmeal & Apple Baby Food Cereal | 120g, $1.80, $1.50 per 100g, https://productimages.coles.com.au/productimages/8/8996875.jpg
Huggies Thick Baby Wipes 99% Purified Water 3x72 Pack | 1 pack, $10.70, $0.05 per 1ea, https://productimages.coles.com.au/productimages/5/5236911.jpg
Huggies Ultra Dry Nappy Pants Girls Size 5 (12-17kg) | 26 pack, $22.00, $0.85 per 1ea, https://productimages.coles.com.au/productimages/2/2848263.jpg
Heinz Pureed Apple & Oatmeal 6+ Months | 170g, $1.80, $1.06 per 100g, https://productimages.coles.com.au/productimages/8/8771988.jpg
Bellamy's Organic Step 4 Growing Up Milk | 900g, currently unavailable, currently unavailable per each, https://productimages.coles.com.au/productimages/3/3305730.jpg
Cetaphil Baby Daily Lotion With Shea Butter | 400mL, $15.80, $3.95 per 100mL, https://productimages.coles.com.au/productimages/2/2459261.jpg
Captain Morgan Spiced Gold 700mL | 1 Each, $45.00, $64.29 per 1L, https://productimages.coles.com.au/productimages/8/8334087.jpg
Jim Beam White Double Serve 6.7% Can 375mL | 10 Pack, $48.00, $12.80 per 1L, https://productimages.coles.com.au/productimages/3/3994001.jpg
Kim Crawford Marlborough Sauvignon Blanc 750mL | 1 Each, $22.00, $29.33 per 1L, https://productimages.coles.com.au/productimages/8/8261595.jpg
Only Organic Bolognese Pasta 8 + Months | 170g, $2.90, $1.71 per 100g, https://productimages.coles.com.au/productimages/6/6438172.jpg
Yellow Tail Pink Bubbles 750mL | 1 Each, $10.00, $13.33 per 1L, https://productimages.coles.com.au/productimages/2/2004443.jpg
Hardys VR Semillon Sauvignon Blanc 1L | 1 Each, $8.00, $8.00 per 1L, https://productimages.coles.com.au/productimages/2/2830155.jpg
Coles Banana Porridge 6+ Months | 120g, $1.00, $0.83 per 100g, https://productimages.coles.com.au/productimages/3/3961975.jpg
Coles Asian Choy Chinese Broccoli | 1 each, $2.50, $2.50 per 1ea, https://productimages.coles.com.au/productimages/4/4569216.jpg
Curash Anti Rash Baby Powder | 100g, $6.30, $6.30 per 100g, https://productimages.coles.com.au/productimages/5/54021.jpg
Ivans Family Chunky Angus Pie 900g | 900g, $17.00, $1.89 per 100g, https://productimages.coles.com.au/productimages/3/3014136.jpg
Whispers Shiraz 750mL | 1 Each, $5.00, $6.67 per 1L, https://productimages.coles.com.au/productimages/8/8301190.jpg
Primo Cocktail Frankfurts | 1 kg, $7.40, $7.40 per 1kg, https://productimages.coles.com.au/productimages/4/4509983.jpg
Balter Eazy Hazy Can 375mL | 4 Pack, $17.00, $11.33 per 1L, https://productimages.coles.com.au/productimages/4/4311465.jpg
Bellamy's Organic Step 2 Follow On Infant Formula | 900g, $34.40, $3.82 per 100g, https://productimages.coles.com.au/productimages/4/4756927.jpg
Nestle NAN Optipro 1 Premium Starter Baby Infant Formula Powder From Birth  | 800g, $27.00, $3.38 per 100g, https://productimages.coles.com.au/productimages/4/4161883.jpg
De Bortoli Premium Sem Sauv Blanc Cask 4 Litre | 1 Each, $22.00, $5.50 per 1L, https://productimages.coles.com.au/productimages/1/181495.jpg
Brookvale Union Ginger Beer Can 330mL | 6 Pack, $31.00, $15.66 per 1L, https://productimages.coles.com.au/productimages/3/3085349.jpg
Rafferty's Garden Risoni Pasta & Garden Vegetables Baby Food Pouch Mini Meal 10+ Months | 170g, $2.80, $1.65 per 100g, https://productimages.coles.com.au/productimages/6/6026834.jpg
Tussock Jumper Chardonnay 750mL | 1 Each, $10.00, $13.33 per 1L, https://productimages.coles.com.au/productimages/3/3161470.jpg
Nestle NAN Optipro 2 Premium Baby Follow-On Formula Powder From 6 To 12 Months  | 800g, $27.00, $3.38 per 100g, https://productimages.coles.com.au/productimages/4/4161974.jpg
Lindemans Bin 65 Chardonnay 750mL | 1 Each, $8.00, $10.67 per 1L, https://productimages.coles.com.au/productimages/8/8234446.jpg
Sudocrem Healing Cream Tub | 400g, $31.00, $7.75 per 100g, https://productimages.coles.com.au/productimages/3/3594160.jpg
-196 Double Grape 6% Can 330mL | 4 Pack, $24.00, $18.18 per 1L, https://productimages.coles.com.au/productimages/5/5593329.jpg
Only Organic Minted Peas Blackcurrant & Lamb Baby Food Pouch 8+ Months | 120g, $1.50, $1.25 per 100g, https://productimages.coles.com.au/productimages/8/8988957.jpg
Somersby Apple Cider Bottle 330mL | 6 Pack, $16.00, $8.08 per 1L, https://productimages.coles.com.au/productimages/1/1085508.jpg
Vodka Cruiser Double Raspberry Can 375mL | 4 Pack, $25.00, $16.67 per 1L, https://productimages.coles.com.au/productimages/6/6326703.jpg
Coles Tomatoes Gourmet 1Kg | 1 each, $10.90, $10.90 per 1kg, https://productimages.coles.com.au/productimages/4/4640831.jpg
Jim Beam Zero Sugar Cola Cans 375mL | 6 Pack, $27.00, $12.00 per 1L, https://productimages.coles.com.au/productimages/7/7253514.jpg
Only Organic Sweetcorn Carrot & Quinoa Baby Food Pouch 4+Month | 120g, $1.50, $1.25 per 100g, https://productimages.coles.com.au/productimages/5/5033685.jpg
Fireball Cinnamon Flavoured Whisky 700mL | 1 Each, $48.00, $68.57 per 1L, https://productimages.coles.com.au/productimages/2/2579376.jpg
Bundaberg UP & Cola Can 375mL | 10 Pack, $48.00, $12.80 per 1L, https://productimages.coles.com.au/productimages/4/4846430.jpg
Winton Road Barossa Cabernet Sauvignon 750mL | 1 Each, $20.00, $26.67 per 1L, https://productimages.coles.com.au/productimages/3/3344390.jpg
Coles Mini Tomatoes | 125g, $4.90, $39.20 per 1kg, https://productimages.coles.com.au/productimages/4/4488464.jpg
Coles Deli Vine Leaves Stuffed Dolmades | 1 each, $0.50, $0.50 per 1ea, https://productimages.coles.com.au/productimages/1/1113228.jpg
Jacob's Creek Shiraz 750mL | 1 Each, $10.00, $13.33 per 1L, https://productimages.coles.com.au/productimages/8/8257893.jpg
Brookvale Union Vodka Lemon Lime Bitters Can 330mL | 6 Pack, $25.00, $12.63 per 1L, https://productimages.coles.com.au/productimages/4/4474776.jpg
B.box Tritan Drink Bottle | 450mL, $18.00, $4.00 per 100mL, https://productimages.coles.com.au/productimages/4/4205901.jpg
Only Organic Wild Rice Risotto & Spring Lamb 6+ Months | 120g, $1.50, $1.25 per 100g, https://productimages.coles.com.au/productimages/8/8989086.jpg
Babylove Sleepy Night Pants Convenience 4-7 Years | 9 pack, $11.00, $1.22 per 1ea, https://productimages.coles.com.au/productimages/5/5742804.jpg
Coles Kitchen Kaleslaw Salad Kit | 350g, $5.50, $15.71 per 1kg, https://productimages.coles.com.au/productimages/2/2790390.jpg
Rafferty's Garden Tuna & Garden Vegetables Protein Baby Food Pouch 6+ Months | 120g, $2.15, $1.79 per 100g, https://productimages.coles.com.au/productimages/3/3766448.jpg
Heinz Chicken & Vegetable with Quinoa 8+ Months | 170g, $1.80, $1.06 per 100g, https://productimages.coles.com.au/productimages/2/2366761.jpg
Coles I'M Perfect Limes Prepacked | 500g, $5.50, $11.00 per 1kg, https://productimages.coles.com.au/productimages/5/5208450.jpg
Gordons Pink Gin RTD Bottle 330mL | 4 Pack, $24.00, $18.18 per 1L, https://productimages.coles.com.au/productimages/3/3341325.jpg
Summerhouse Marlborough Sauvignon Blanc 750mL | 1 Each, $16.00, $21.33 per 1L, https://productimages.coles.com.au/productimages/3/3676130.jpg
Canadian Club Whisky 1L | 1 Each, $61.00, $61.00 per 1L, https://productimages.coles.com.au/productimages/8/8342438.jpg
Vodka Cruiser Mixed 275mL | 10 Pack, $37.00, $1.35 per 100mL, https://productimages.coles.com.au/productimages/1/1060223.jpg
Coles Natural Cashews | 400g, $9.00, $22.50 per 1kg, https://productimages.coles.com.au/productimages/2/2222229.jpg
Coles Kitchen Shredded Carrot | 200g, $2.00, $10.00 per 1kg, https://productimages.coles.com.au/productimages/2/2470424.jpg
Coles Fresh Turnips | approx 180g, $1.26, $7.00 per 1kg, https://productimages.coles.com.au/productimages/4/4966737.jpg
Coles Mini Q's Cucumber | 125g, $4.90, $39.20 per 1kg, https://productimages.coles.com.au/productimages/4/4365351.jpg
Coles Herb Punnets Parsley Continental | 15g, $3.20, $2.13 per 10g, https://productimages.coles.com.au/productimages/3/3214576.jpg
Coles Herb Punnets Basil | 15g, $3.20, $2.13 per 10g, https://productimages.coles.com.au/productimages/3/3214521.jpg
Coles Half Red Cabbage | 1 each, $3.00, $3.00 per 1ea, https://productimages.coles.com.au/productimages/3/3668020.jpg
Coles Snacking Carrots | 250g, $3.50, $14.00 per 1kg, https://productimages.coles.com.au/productimages/6/6309511.jpg
Coles Salad Baby Leaf Spinach & Rocket | 120g, $3.00, $25.00 per 1kg, https://productimages.coles.com.au/productimages/5/5464290.jpg
Coles Brussels Sprouts loose | approx 400g, $5.16, $12.90 per 1kg, https://productimages.coles.com.au/productimages/4/407766.jpg
Coles Orange Candy Melon | 1 each, $4.90, $4.90 per 1ea, https://productimages.coles.com.au/productimages/4/489691.jpg
Coles White Radish | 1 each, $4.80, $6.00 per 1kg, https://productimages.coles.com.au/productimages/6/6614720.jpg
Coles Dry Roasted Almonds | 750g, $10.00, $13.33 per 1kg, https://productimages.coles.com.au/productimages/5/5210598.jpg
Coles Persimmons Medium | 1 each, $2.90, $2.90 per 1ea, https://productimages.coles.com.au/productimages/4/410035.jpg
Coles Birdseye Chillies | approx 50g, $1.70, $34.00 per 1kg, https://productimages.coles.com.au/productimages/8/8761306.jpg
Coles Roasted Unsalted Almonds | approx 100g, $2.20, $22.00 per 1kg, https://productimages.coles.com.au/productimages/8/8413300.jpg
Coles BBQ Rice Crackers | approx 100g, $1.80, $18.00 per 1kg, https://productimages.coles.com.au/productimages/1/1948626.jpg
Coles Dry Roasted Mixed Nuts | 400g, $12.00, $30.00 per 1kg, https://productimages.coles.com.au/productimages/5/5299478.jpg
Colgate Total Mint Stripe Multi Benefit Toothpaste | 115g, $4.00, $3.48 per 100g, https://productimages.coles.com.au/productimages/3/3400821.jpg
Colgate Regular Pump Toothpaste | 130g, $6.00, $4.62 per 100g, https://productimages.coles.com.au/productimages/2/238749.jpg
Coles Lettuce Decorative Green Oak | 1 each, $3.20, $3.20 per 1ea, https://productimages.coles.com.au/productimages/4/4596649.jpg
Coles Pistachio Roasted & Salted | 800g, $18.00, $22.50 per 1kg, https://productimages.coles.com.au/productimages/2/2132126.jpg
Vaseline Petroleum Jelly Original | 100g, $5.50, $5.50 per 100g, https://productimages.coles.com.au/productimages/1/102190.jpg
Palmolive Antibacterial Liquid Handwash | 250mL, $3.00, $1.20 per 100mL, https://productimages.coles.com.au/productimages/3/3849920.jpg
Coles Swedes Loose | approx 230g, $1.61, $7.00 per 1kg, https://productimages.coles.com.au/productimages/4/4966930.jpg
Colgate Total Charcoal Deep Clean Toothpaste | 200g, $7.00, $3.50 per 100g, https://productimages.coles.com.au/productimages/3/3695168.jpg
Little Tractor Potatoes | 2kg, $5.00, $2.50 per 1kg, https://productimages.coles.com.au/productimages/4/4293374.jpg
Coles Corn Cobettes | 400g, currently unavailable, currently unavailable per each, https://productimages.coles.com.au/productimages/4/4150570.jpg
Coles Australian Salad Family Baby Leaf Blend | 300g, $5.00, $16.67 per 1kg, https://productimages.coles.com.au/productimages/8/8647548.jpg
Coles Dragonfruit Fresh | 1 each, $4.90, $4.90 per 1ea, https://productimages.coles.com.au/productimages/6/6866880.jpg
Coles Herb Punnets Chives | 10g, $3.20, $3.20 per 10g, https://productimages.coles.com.au/productimages/3/3214747.jpg
Coles Kitchen Potato Salad | 250g, $3.50, $14.00 per 1kg, https://productimages.coles.com.au/productimages/3/3016288.jpg
Dettol Sapoderm Hygienic Bar Soap Cleanser for Acne | 375g, $5.00, $1.33 per 100g, https://productimages.coles.com.au/productimages/2/234136.jpg
Coles Jazz Apples Prepacked | 1kg, $6.90, $6.90 per 1kg, https://productimages.coles.com.au/productimages/6/6934764.jpg
TOM Organic Super Pads | 10 pack, $6.00, $0.60 per 1ea, https://productimages.coles.com.au/productimages/1/1176807.jpg
Fresh Half Honeydew Melon | 1 each, $3.50, $3.50 per 1ea, https://productimages.coles.com.au/productimages/5/5536981.jpg
Coles Red Globe Seeded Grapes | approx 800g, $4.00, $5.00 per 1kg, https://productimages.coles.com.au/productimages/5/5470227.jpg
Colgate 360 Degree Soft Toothbrush | 1 pack, $2.50, $2.50 per 1ea, https://productimages.coles.com.au/productimages/4/4155756.jpg
Dettol Profresh Shower Gel Body Wash Peach and Raspberry | 950mL, $10.50, $1.11 per 100mL, https://productimages.coles.com.au/productimages/1/1878928.jpg
Coles Organic Baby Spinach | 100g, $4.50, $45.00 per 1kg, https://productimages.coles.com.au/productimages/2/2725922.jpg
Coles Dry Roasted Almonds | 400g, $9.00, $22.50 per 1kg, https://productimages.coles.com.au/productimages/2/2123395.jpg
Coles Herb Punnets Thyme | 10g, $3.20, $3.20 per 10g, https://productimages.coles.com.au/productimages/3/3215171.jpg
Swisspers Cotton Tips Paperstems | 20 pack, $1.10, $0.06 per 1ea, https://productimages.coles.com.au/productimages/3/3771663.jpg
Coles Radish Bunch | 1 each, $3.50, $3.50 per 1ea, https://productimages.coles.com.au/productimages/4/4911870.jpg
Dettol Antibacterial Liquid Hand Wash Pump Aloe Vera and Vitamin E | 250mL, $2.80, $1.12 per 100mL, https://productimages.coles.com.au/productimages/4/4580911.jpg
Palmolive Milk & Honey Liquid Hand Wash | 250mL, $3.00, $1.20 per 100mL, https://productimages.coles.com.au/productimages/9/9072408.jpg
Coles Herb Punnets Curry Leaves | 10g, $3.20, $3.20 per 10g, https://productimages.coles.com.au/productimages/1/1116601.jpg
Coles Kitchen Chicken Caesar Salad Bowl | 180g, $6.50, $36.11 per 1kg, https://productimages.coles.com.au/productimages/3/3294724.jpg
Coles Piel De Sapo Melon Medium | 1 each, $5.90, $5.90 per 1ea, https://productimages.coles.com.au/productimages/1/1252053.jpg
Coles Roma Tomatoes Loose | approx 100g, $1.09, $10.90 per 1kg, https://productimages.coles.com.au/productimages/4/4594712.jpg
Palmolive Anti-Stress Shower Gel | 500mL, $3.90, $0.78 per 100mL, https://productimages.coles.com.au/productimages/9/9788578.jpg
Coles Pepitas | 250g, $3.00, $12.00 per 1kg, https://productimages.coles.com.au/productimages/3/3018545.jpg
Coles Foaming Hand Wash Raspberry | 250mL, $2.60, $1.04 per 100mL, https://productimages.coles.com.au/productimages/2/2292982.jpg
Pantene Pro-V Ultimate 10 Repair & Protect Shampoo | 900mL, $10.00, $1.11 per 100mL, https://productimages.coles.com.au/productimages/2/2290400.jpg
Coles Natural Almonds | 750g, $10.00, $13.33 per 1kg, https://productimages.coles.com.au/productimages/5/5207232.jpg
Colgate Kids Junior Bluey Manual Soft Toothbrush | 1 each, $3.50, $3.50 per 1ea, https://productimages.coles.com.au/productimages/4/4498912.jpg
Coles Herb Punnets Rosemary | 10g, $3.20, $3.20 per 10g, https://productimages.coles.com.au/productimages/3/3214780.jpg
Pain Away Heat Patches Regular + 2 Bonus Hand Warmers | 5 pack, $8.00, $1.60 per 1ea, https://productimages.coles.com.au/productimages/5/5015843.jpg
Libra Ultra Thin Regular Pads With Wings | 20 pack, $6.40, $0.32 per 1ea, https://productimages.coles.com.au/productimages/3/3293164.jpg
Dettol Antibacterial Foam:Hand Wash Lime & Orange Refill | 900mL, $9.50, $1.06 per 100mL, https://productimages.coles.com.au/productimages/5/5873245.jpg
Coles Kitchen Caesar Salad Bowl | 200g, $5.50, $27.50 per 1kg, https://productimages.coles.com.au/productimages/8/8174708.jpg
Coles Foaming Hand Wash Lime & Mint Antibacterial | 250mL, $2.60, $1.04 per 100mL, https://productimages.coles.com.au/productimages/2/2292971.jpg
Vaseline Intensive Care Aloe Soothe Body Lotion | 750mL, $16.00, $2.13 per 100mL, https://productimages.coles.com.au/productimages/9/9831892.jpg
Panadol Rapid Soluble Tablets for Pain Relief Paracetamol 500mg | 20 pack, $6.25, $0.31 per 1ea, https://productimages.coles.com.au/productimages/5/5216823.jpg
Palmolive Aloe Vera Liquid Hand Wash | 250mL, $3.00, $1.20 per 100mL, https://productimages.coles.com.au/productimages/3/394880.jpg
Twinings Pure Peppermint Infusions Tea Bags | 160g, $6.75, $0.08 per 1ea, https://productimages.coles.com.au/productimages/7/7488100.jpg
Selsun Blue Anti Dandruff Shampoo Replenishing | 200mL, $2.75, $1.38 per 100mL, https://productimages.coles.com.au/productimages/2/256591.jpg
Rexona Men Antiperspirant Sport Fresh | 250mL, $6.00, $2.40 per 100mL, https://productimages.coles.com.au/productimages/3/3054072.jpg
Palmolive Naturals Replenishing Milk & Honey Soap | 4 pack, $5.00, $1.39 per 100g, https://productimages.coles.com.au/productimages/5/5928744.jpg
Poise Liners For Bladder Leaks Extra Long | 22 pack, $5.30, $0.24 per 1ea, https://productimages.coles.com.au/productimages/6/6802730.jpg
Massel Salt Reduced Chicken Stock Cubes | 105g, $3.40, $0.32 per 10g, https://productimages.coles.com.au/productimages/9/9490725.jpg
Nivea Original Care Moisturising Lip Balm + Shea Butter | 4.8g, $5.00, $104.17 per 100g, https://productimages.coles.com.au/productimages/9/9479890.jpg
Pablo & Pedro Tempranillo 750mL | 1 Each, $8.00, $10.67 per 1L, https://productimages.coles.com.au/productimages/2/2688972.jpg
Colgate Zig Zag Flex Soft Toothbrush | 1 pack, $2.40, $2.40 per 1ea, https://productimages.coles.com.au/productimages/5/5406647.jpg
Rexona Women Antiperspirant Aerosol Deodorant Sexy Bouquet | 250mL, $6.00, $2.40 per 100mL, https://productimages.coles.com.au/productimages/8/8949220.jpg
U by Kotex Tampons Regular | 32 pack, $8.00, $0.25 per 1ea, https://productimages.coles.com.au/productimages/6/6041678.jpg
Colgate 360 Optic White Toothbrush Medium | 3 pack, $7.00, $2.33 per 1ea, https://productimages.coles.com.au/productimages/4/4842461.jpg
Jarrah Hot Chocolate | 285g, $8.50, $2.98 per 100g, https://productimages.coles.com.au/productimages/7/7338887.jpg
Oral B 3D White 2 In 1 Whitening Long Lasting Freshness Paste | 110g, $5.50, $5.00 per 100g, https://productimages.coles.com.au/productimages/4/4866663.jpg
Oral B Cross Action Charcoal Toothbrush | 2 pack, $9.00, $3.00 per 1ea, https://productimages.coles.com.au/productimages/4/4866572.jpg
Pantene Pro-V Classic Clean Shampoo | 900mL, $10.00, $1.11 per 100mL, https://productimages.coles.com.au/productimages/2/2290466.jpg
Coles Hot Chocolate Sachets | 10 pack, $3.25, $0.33 per 1ea, https://productimages.coles.com.au/productimages/6/6168205.jpg
Wet Ones Be Gentle Anti-Bacterial Hand & Face Wipes | 40 pack, $4.40, $0.11 per 1ea, https://productimages.coles.com.au/productimages/8/8640141.jpg
Vicks Vapodrop Original Menthol Lozenges | 42 pack, $7.70, $0.18 per 1ea, https://productimages.coles.com.au/productimages/3/3734055.jpg
Nivea Soft Cream Lotion Moisturiser  + Jojoba Oil & Vitamin E | 200mL, $11.50, $5.75 per 100mL, https://productimages.coles.com.au/productimages/6/6086596.jpg
Coles Liquid Real Stock Vegetable | 1L, $1.90, $0.19 per 100mL, https://productimages.coles.com.au/productimages/7/7152084.jpg
Dari's Pea & Ham Soup | 550g, $6.85, $1.25 per 100g, https://productimages.coles.com.au/productimages/6/6257553.jpg
Nivea Hydrocare Moisturising Lip Balm + Shea Butter & SPF15 | 4.8g, $5.00, $104.17 per 100g, https://productimages.coles.com.au/productimages/6/6693996.jpg
Grants Of Australia Mild Mint With Aloe Vera Natural Toothpaste | 110g, $3.50, $3.18 per 100g, https://productimages.coles.com.au/productimages/5/5167626.jpg
Beach Road Naturals Lemon Myrtle & Australian Bush Honey Castile Body Bar | 150g, $2.10, $1.40 per 100g, https://productimages.coles.com.au/productimages/4/4308610.jpg
Tena Ultimate Coverage Ultra Long Incontinence Liners | 22 pack, $5.50, $0.25 per 1ea, https://productimages.coles.com.au/productimages/3/3513384.jpg
Nature's Organics Fruits Apple Fresh Shampoo | 500mL, $2.00, $0.40 per 100mL, https://productimages.coles.com.au/productimages/5/5859302.jpg
Campbell's Chunky Soup Can Irish Stew Style | 505g, $4.50, $0.89 per 100g, https://productimages.coles.com.au/productimages/4/4905947.jpg
Palmolive Milk & Honey Shower Gel | 1L, $10.00, $1.00 per 100mL, https://productimages.coles.com.au/productimages/4/4767399.jpg
White Glo Charcoal Deep Stain Remover Whitening Toothpaste | 205g, $9.00, $4.39 per 100g, https://productimages.coles.com.au/productimages/4/4847818.jpg
U by Kotex Sport Ultrathin Pads Super With Wings | 10 pack, $5.60, $0.56 per 1ea, https://productimages.coles.com.au/productimages/2/2373632.jpg
Fat Bastard Chardonnay 750mL | 1 Each, $22.00, $2.93 per 100mL, https://productimages.coles.com.au/productimages/3/3345144.jpg
Oral B Charcoal White Toothbrush | 1 Pack, $6.00, $6.00 per 1ea, https://productimages.coles.com.au/productimages/3/3699883.jpg
Tetley Tea Bags 100 pack | 180g, $3.80, $0.04 per 1ea, https://productimages.coles.com.au/productimages/1/199523.jpg
Dettol Anti-Bacterial Lime & Orange Foam Hand wash Pump | 250mL, $3.50, $1.40 per 100mL, https://productimages.coles.com.au/productimages/3/3525500.jpg
Vittoria Mountain Grown Coffee Beans | 1kg, $44.00, $4.40 per 100g, https://productimages.coles.com.au/productimages/8/8686572.jpg
Coles Pure Australian Honey Squeeze | 500g, $7.20, $1.44 per 100g, https://productimages.coles.com.au/productimages/2/2912453.jpg
Cadbury Instant Hot Chocolate Blend 6x25g | 6 pack, $4.80, $0.80 per 1ea, https://productimages.coles.com.au/productimages/3/3531794.jpg
Tetley Extra Strong Black Tea Bags 100 pack | 200g, $4.60, $0.05 per 1ea, https://productimages.coles.com.au/productimages/7/7752194.jpg
Continental Superb Chicken Stock Powder | 130g, $4.00, $0.31 per 10g, https://productimages.coles.com.au/productimages/5/5086105.jpg
Campbell's Real Stock Vegetable Stock | 500mL, $2.00, $0.40 per 100mL, https://productimages.coles.com.au/productimages/7/7198416.jpg
Coles Cream Cheese Spread | 245g, $2.90, $11.84 per 1kg, https://productimages.coles.com.au/productimages/2/2078326.jpg
Coles Smooth Peanut Butter | 500g, $3.80, $0.76 per 100g, https://productimages.coles.com.au/productimages/2/2113733.jpg
The Complete Dairy High Protein Full Cream Milk | 1L, $3.50, $3.50 per 1L, https://productimages.coles.com.au/productimages/2/2589981.jpg
Dare Double Espresso Iced Coffee Flavoured Milk | 500mL, $3.70, $7.40 per 1L, https://productimages.coles.com.au/productimages/3/3033946.jpg
Continental Cup A Soup Tomato Soup Serves 4 | 80g, $3.00, $3.75 per 100g, https://productimages.coles.com.au/productimages/1/129765.jpg
Ready Chef Pork & Beef Lasagne | 1.9kg, $13.00, $0.68 per 100g, https://productimages.coles.com.au/productimages/5/5071345.jpg
Gravox Roast Chicken With Herbs Liquid Gravy Pouch | 165g, $2.80, $1.70 per 100g, https://productimages.coles.com.au/productimages/5/5600253.jpg
Coles Smooth Hazelnut Spread | 1kg, $6.00, $0.60 per 100g, https://productimages.coles.com.au/productimages/3/3529690.jpg
Pauls Smarter White Milk Only 2% Fat | 1L, $3.10, $3.10 per 1L, https://productimages.coles.com.au/productimages/9/9411773.jpg
Coles Lamb Shoulder Roast On The Bone | approx 2.2kg, $28.60, $13.00 per 1kg, https://productimages.coles.com.au/productimages/9/9154794.jpg
Captain Morgan Spiced Rum 1L | 1 Each, $62.00, $62.00 per 1L, https://productimages.coles.com.au/productimages/2/2466198.jpg
Chobani Fit Strawberry Yoghurt Pouch | 140g, $2.70, $1.93 per 100g, https://productimages.coles.com.au/productimages/3/3246801.jpg
YoPro Perform Yoghurt Banana | 175g, $3.70, $2.11 per 100g, https://productimages.coles.com.au/productimages/4/4346299.jpg
Jalna Pouch Of Purity Organic Strawberry Yoghurt | 100g, $1.95, $1.95 per 100g, https://productimages.coles.com.au/productimages/3/3536583.jpg
Heinz Big Red Tomato Soup Can Salt Reduced | 420g, $2.50, $0.60 per 100g, https://productimages.coles.com.au/productimages/4/460441.jpg
Coles Condensed Canned Soup Tomato | 420g, $0.80, $0.19 per 100g, https://productimages.coles.com.au/productimages/7/7390413.jpg
Coldstream Hills The Hills Pinot Noir 750mL | 1 Each, $20.00, $26.67 per 1L, https://productimages.coles.com.au/productimages/2/2877363.jpg
Coles Italian Tomato Paste | 140g, $0.90, $0.64 per 100g, https://productimages.coles.com.au/productimages/8/8745310.jpg
B Honey Squeeze | 450g, $6.80, $1.51 per 100g, https://productimages.coles.com.au/productimages/3/3789942.jpg
Devondale Salted Butter | 250g, $5.30, $2.12 per 100g, https://productimages.coles.com.au/productimages/1/1778617.jpg
Mayver's Smooth Natural Peanut Butter | 375g, $5.80, $1.55 per 100g, https://productimages.coles.com.au/productimages/2/2621643.jpg
Yoplait Petit Miam Squeezie Fruit Salad Yoghurt Pouch | 70g, $0.80, $1.14 per 100g, https://productimages.coles.com.au/productimages/6/6569217.jpg
Arnott's Milk Arrowroot Plain Biscuits | 250g, $2.50, $1.00 per 100g, https://productimages.coles.com.au/productimages/3/329028.jpg
Vaalia Kids Pouch Yoghurt Blueberry | 140g, $2.40, $1.71 per 100g, https://productimages.coles.com.au/productimages/3/3537881.jpg
Cobram Estate Extra Virgin Olive Classic | 750mL, $18.00, $2.40 per 100mL, https://productimages.coles.com.au/productimages/4/4491469.jpg
Continental Cup A Soup Chicken Noodle Soup Serves 4 | 40g, $3.00, $7.50 per 100g, https://productimages.coles.com.au/productimages/1/129696.jpg
Wild Turkey & Cola 101 Can 375mL | 10 Pack, $62.00, $16.53 per 1L, https://productimages.coles.com.au/productimages/8/8685387.jpg
Cobs Popcorn Sea Salt 5 Pack | 65g, $4.00, $6.15 per 100g, https://productimages.coles.com.au/productimages/3/3949492.jpg
Coles Pure Australian Honey Squeeze | 1kg, $13.75, $1.38 per 100g, https://productimages.coles.com.au/productimages/3/3185015.jpg
Chobani No Sugar Added Yogurt Mixed Berry | 150g, $2.50, $1.67 per 100g, https://productimages.coles.com.au/productimages/5/5937585.jpg
Belvita Honey and Nut Breakfast Biscuits 6 Pack | 300g, $4.50, $1.50 per 100g, https://productimages.coles.com.au/productimages/1/1020783.jpg
Farmers Union Greek Style Vanilla Yoghurt | 950g, $6.00, $0.63 per 100g, https://productimages.coles.com.au/productimages/2/2744676.jpg
Vitasoy Regular Soy Milk | 1L, $2.85, $2.85 per 1L, https://productimages.coles.com.au/productimages/5/5111880.jpg
Dare Mocha Flavoured Milk | 750mL, $3.80, $5.07 per 1L, https://productimages.coles.com.au/productimages/3/3034031.jpg
A2 Lactose Free Light Milk | 2L, $6.80, $3.40 per 1L, https://productimages.coles.com.au/productimages/5/5458243.jpg
Grant Burge 5th Gen Barossa Cabernet Merlot 750mL | 1 Each, $14.00, $18.67 per 1L, https://productimages.coles.com.au/productimages/9/9189802.jpg
Pitango Soup Creamy Pumpkin Coconut | 350g, $4.75, $1.36 per 100g, https://productimages.coles.com.au/productimages/4/4209039.jpg
Coles Dairy French Onion Dip | 200g, $2.50, $1.25 per 100g, https://productimages.coles.com.au/productimages/6/6530743.jpg
Dairylea Original Cheese Slices 12 pack | 216g, $4.00, $18.52 per 1kg, https://productimages.coles.com.au/productimages/1/192546.jpg
Pace Farm Natural Living Eggs Free Range 12 pack | 800g, $8.40, $1.05 per 100g, https://productimages.coles.com.au/productimages/8/8736885.jpg
Big M Strawberry Flavoured Milk | 300mL, $2.20, $7.33 per 1L, https://productimages.coles.com.au/productimages/3/3034428.jpg
Chobani Blueberry Yoghurt Pouch | 140g, $2.00, $1.43 per 100g, https://productimages.coles.com.au/productimages/1/1434720.jpg
Coles Wafer Crackers | 100g, $2.00, $2.00 per 100g, https://productimages.coles.com.au/productimages/2/2335848.jpg
St Huberts The Stag Pinot Noir 750mL | 1 Each, $15.00, $20.00 per 1L, https://productimages.coles.com.au/productimages/3/3116170.jpg
Majans Infuzions Veggie Straws Sc & Herbs 5X15g | 75g, $4.00, $5.33 per 100g, https://productimages.coles.com.au/productimages/3/3151308.jpg
Chobani Fit Raspberry Yoghurt Pouch | 140g, $2.70, $1.93 per 100g, https://productimages.coles.com.au/productimages/3/3246823.jpg
Western Star Chef's Choice Unsalted Cultured Butter Pat | 250g, $3.80, $1.52 per 100g, https://productimages.coles.com.au/productimages/1/190100.jpg
Chobani Raspberry Yoghurt Pouch | 140g, $2.00, $1.43 per 100g, https://productimages.coles.com.au/productimages/1/1872885.jpg
A2 Lactose Free Full Cream Milk | 1L, $3.90, $3.90 per 1L, https://productimages.coles.com.au/productimages/5/5593191.jpg
Lee Kum Kee Soy Sauce | 500mL, $4.30, $0.86 per 100mL, https://productimages.coles.com.au/productimages/9/9434699.jpg
Oreo Creme Biscuits Neapolitan | 131g, $2.50, $1.91 per 100g, https://productimages.coles.com.au/productimages/6/6063852.jpg
Coles Pasta Spaghetti | 500g, $0.90, $0.18 per 100g, https://productimages.coles.com.au/productimages/3/3329115.jpg
Farmers Union Greek Style Yoghurt | 130g, $2.00, $1.54 per 100g, https://productimages.coles.com.au/productimages/3/3087071.jpg
Sanitarium So Good Chilled Regular Soy Milk | 1L, $2.80, $2.80 per 1L, https://productimages.coles.com.au/productimages/6/6923327.jpg
Natural Chip Co. Sea Salt & Vinegar Potato Chips | 175g, $3.25, $1.86 per 100g, https://productimages.coles.com.au/productimages/1/1260313.jpg
Darrell Lea Milk Chocolate Liquorice Bullets | 226g, $3.80, $1.68 per 100g, https://productimages.coles.com.au/productimages/3/3448384.jpg
Coles Mini Marshmallows Pink & White | 100g, $2.00, $2.00 per 100g, https://productimages.coles.com.au/productimages/3/3175260.jpg
Continental Chicken Stock Pot | 112g, $4.50, $4.02 per 100g, https://productimages.coles.com.au/productimages/8/8392935.jpg
Red Island Extra Virgin Olive Oil | 1L, $20.00, $2.00 per 100mL, https://productimages.coles.com.au/productimages/6/6571900.jpg
Pauls Zymil Regular Thickened Cream | 300mL, $4.00, $1.33 per 100mL, https://productimages.coles.com.au/productimages/5/5406294.jpg
Hardys Tintara Mclaren Vale Cabernet Sauvignon 750mL | 1 Each, $30.00, $40.00 per 1L, https://productimages.coles.com.au/productimages/1/1018624.jpg
Coles White Self Raising Flour | 1kg, $1.25, $1.25 per 1kg, https://productimages.coles.com.au/productimages/5/5881141.jpg
The Natural Confectionery Co. Fruit Salad Soft Jellies | 220g, $2.80, $1.27 per 100g, https://productimages.coles.com.au/productimages/2/2351232.jpg
Gippsland Dairy Blueberry Twist Yoghurt | 160g, $3.00, $1.88 per 100g, https://productimages.coles.com.au/productimages/9/9907917.jpg
Cadbury Old Gold Roast Almond Dark Chocolate Block | 180g, $5.50, $3.06 per 100g, https://productimages.coles.com.au/productimages/2/2350535.jpg
Twinings English Breakfast Tea Bags 10 pack | 20g, $3.00, $0.30 per 1ea, https://productimages.coles.com.au/productimages/3/341770.jpg
Sakata Seaweed Rice Crackers Gluten Free | 90g, $2.30, $2.56 per 100g, https://productimages.coles.com.au/productimages/6/6982406.jpg
Arnott's Gingernut Biscuits | 250g, $2.50, $1.00 per 100g, https://productimages.coles.com.au/productimages/6/6047040.jpg
Arnott's Chocolate Biscuits Tim Tam White | 165g, $2.25, $1.36 per 100g, https://productimages.coles.com.au/productimages/7/7243805.jpg
Coles Durum Wheat Pasta Spaghetti | 500g, $1.00, $0.20 per 100g, https://productimages.coles.com.au/productimages/3/3328972.jpg
Oak Generator Flavoured Milk | 600mL, $2.80, $4.67 per 1L, https://productimages.coles.com.au/productimages/5/5073329.jpg
Mcvities Digestives Tops Biscuits Milk Chocolate | 100g, $2.00, $2.00 per 100g, https://productimages.coles.com.au/productimages/5/5777536.jpg
Olive Grove Classic Olive Oil Margarine Tub | 500g, $4.50, $0.90 per 100g, https://productimages.coles.com.au/productimages/5/5448589.jpg
San Remo Penne Rigati Pasta No 18 | 500g, $2.95, $0.59 per 100g, https://productimages.coles.com.au/productimages/1/170838.jpg
Old El Paso Spice Mix For Tacos Mild | 30g, $2.40, $8.00 per 100g, https://productimages.coles.com.au/productimages/2/291377.jpg
Coles Rice Crackers Cheese | 100g, $0.90, $0.90 per 100g, https://productimages.coles.com.au/productimages/5/5460041.jpg
John West Tempters Lemon & Cracked Pepper Tuna | 95g, $2.70, $28.42 per 1kg, https://productimages.coles.com.au/productimages/6/6041113.jpg
Arnott's Shapes Multipack Variety 15 Pack | 375g, $5.50, $1.47 per 100g, https://productimages.coles.com.au/productimages/2/2992180.jpg
Cadbury Dairy Milk Freddo Chocolate Bar | 35g, $0.50, $1.43 per 100g, https://productimages.coles.com.au/productimages/5/5248149.jpg
Cadbury Special Treats Chocolate Sharepack | 180g, $5.00, $2.78 per 100g, https://productimages.coles.com.au/productimages/2/2352960.jpg
Indo Mie Mi Goreng Hot & Spicy Instant 5 Pack | 425g, $3.95, $0.93 per 100g, https://productimages.coles.com.au/productimages/1/1573738.jpg
Barilla Pasta Penne Rigati  | 500g, $3.50, $0.70 per 100g, https://productimages.coles.com.au/productimages/4/469912.jpg
Nestle KitKat Milk Chocolate Value Share Pack 18 pieces | 306g, $6.00, $6.00 per each, https://productimages.coles.com.au/productimages/3/3768250.jpg
Oreo Crème Biscuits Choc Mint | 131g, $2.50, $1.91 per 100g, https://productimages.coles.com.au/productimages/6/6410639.jpg
Chobani Minis Yogurt Blue Wahoo Blueberry Blackberry Pouch | 110g, $0.90, $0.82 per 100g, https://productimages.coles.com.au/productimages/4/4514597.jpg
Cadbury Dairy Milk Chunky Chocolate Bar | 50g, $2.00, $4.00 per 100g, https://productimages.coles.com.au/productimages/5/5072665.jpg
Chobani Minis Yogurt Pink Punch Pouch | 110g, $0.90, $0.82 per 100g, https://productimages.coles.com.au/productimages/5/5297610.jpg
Cadbury Crunchie Chocolate bar | 50g, $2.00, $4.00 per 100g, https://productimages.coles.com.au/productimages/1/136523.jpg
Nestle Aero Peppermint Chocolate Bar | 40g, $1.10, $2.75 per 100g, https://productimages.coles.com.au/productimages/5/5823950.jpg
Barilla Spaghetti No 5 | 500g, $3.50, $0.70 per 100g, https://productimages.coles.com.au/productimages/5/5716430.jpg
CSR Raw Sugar | 1kg, $2.20, $0.22 per 100g, https://productimages.coles.com.au/productimages/1/120068.jpg
Dairy Farmers Thick & Creamy Strawberry Yoghurt | 600g, $4.50, $0.75 per 100g, https://productimages.coles.com.au/productimages/1/1198479.jpg
Suimin Braised Beef Noodle Cup | 70g, $1.85, $2.64 per 100g, https://productimages.coles.com.au/productimages/1/192364.jpg
Dairy Farmers Thick & Creamy Mango Passionfruit Yoghurt | 150g, $1.80, $1.20 per 100g, https://productimages.coles.com.au/productimages/1/1198515.jpg
Betadine Sore Throat Lozenges Anaesthetic Honey & Lemon | 36 pack, $10.00, $0.28 per 1ea, https://productimages.coles.com.au/productimages/4/4992715.jpg
I&J Southern Blue Whiting Fillets | 500g, $9.50, $19.00 per 1kg, https://productimages.coles.com.au/productimages/3/3754380.jpg
Coles Menthol Inhaler | 0.5mL, $4.50, $900.00 per 100mL, https://productimages.coles.com.au/productimages/2/2845888.jpg
Straten Patterned Timber Cutlery | 24 pack, $3.60, $0.15 per 1ea, https://productimages.coles.com.au/productimages/3/3993790.jpg
Cadbury Dairy Milk Chocolate Bar | 75g, $1.80, $2.40 per 100g, https://productimages.coles.com.au/productimages/3/3711570.jpg
Sakata Teriyaki Rice Puffs Crackers | 72g, $3.80, $5.28 per 100g, https://productimages.coles.com.au/productimages/3/3629141.jpg
McKenzie's Dried Black Beans | 375g, $2.30, $0.61 per 100g, https://productimages.coles.com.au/productimages/2/2292315.jpg
Coles Joyful Muesli Bar Strawberry Cheesecake 180g | 1 each, $4.00, $2.22 per 100g, https://productimages.coles.com.au/productimages/5/5448909.jpg
Coles Joyful Protein Bars Salted Caramel 190g | 1 each, $4.00, $2.11 per 100g, https://productimages.coles.com.au/productimages/5/5414077.jpg
Heritage Mill Clusters Caramel Cashew | 750g, $5.00, $0.67 per 100g, https://productimages.coles.com.au/productimages/5/5283456.jpg
Nurofen Cold & Flu Ibuprofen 200mg Tablets | 24 pack, $13.75, $0.57 per 1ea, https://productimages.coles.com.au/productimages/1/1216297.jpg
Coles Glitter Number Candle No 2 | 1 each, $1.40, $1.40 per 1ea, https://productimages.coles.com.au/productimages/3/3987527.jpg
Coles Glitter Number Candle No 0 | 1 each, $1.40, $1.40 per 1ea, https://productimages.coles.com.au/productimages/3/3987775.jpg
Coles Glitter Number Candle No 5 | 1 each, $1.40, $1.40 per 1ea, https://productimages.coles.com.au/productimages/3/3987550.jpg
Nivea Men Deep Roll On Antiperspirant Deodorant | 50mL, $3.69, $7.38 per 100mL, https://productimages.coles.com.au/productimages/3/3363022.jpg
MasterFoods Cheese Finishing Sauce | 160g, $2.50, $0.16 per 10g, https://productimages.coles.com.au/productimages/5/5595812.jpg
Toscano Mini Waffles | 200g, $5.50, $2.75 per 100g, https://productimages.coles.com.au/productimages/4/4986213.jpg
Hart & Soul Coconut Pumpkin Soup Pouch | 400g, $3.80, $0.95 per 100g, https://productimages.coles.com.au/productimages/3/3270679.jpg
Coles Apple & Cinnamon Muffins | 4 pack, $4.70, $1.18 per 1ea, https://productimages.coles.com.au/productimages/4/4261538.jpg
Coles Finest All Butter Gouda & Edam Pinwheel Crackers | 90g, $3.50, $3.89 per 100g, https://productimages.coles.com.au/productimages/5/5743400.jpg
Queen Vanilla Sugar Free Maple Flavoured Syrup | 355mL, $3.75, $1.06 per 100mL, https://productimages.coles.com.au/productimages/4/4387106.jpg
Cadbury Twirl Mint Chocolate Bar | 58g, $1.80, $3.10 per 100g, https://productimages.coles.com.au/productimages/5/5865054.jpg
Coles Joyful Crunchy Nut Bar Peanut & Scorched Almond 170g | 1 each, $4.00, $2.35 per 100g, https://productimages.coles.com.au/productimages/5/5446335.jpg
Golden Circle Apple And Raspberry Cordial | 2L, $3.90, $1.95 per 1L, https://productimages.coles.com.au/productimages/6/6010674.jpg
Golden Circle Lime Crush Cordial | 2L, $3.90, $1.95 per 1L, https://productimages.coles.com.au/productimages/2/219256.jpg
Nivea Sensitive Protect Roll On Antiperspirant Deodorant | 50mL, $3.69, $7.38 per 100mL, https://productimages.coles.com.au/productimages/2/2670649.jpg
Straten Coloured Lunch Serviettes | 50 pack, $2.70, $5.40 per 100ea, https://productimages.coles.com.au/productimages/2/2361429.jpg
Bundaberg Brewed Lemon Lime Bitters 6x200mL | 6 pack, $5.15, $4.29 per 1L, https://productimages.coles.com.au/productimages/4/4395578.jpg
Coles Bakery Buttermilk Scones | 6 Pack, $6.00, $1.00 per 1ea, https://productimages.coles.com.au/productimages/8/8601853.jpg
Coles Thin & Crispy Pizza Base Large 12inch | 750g, $6.70, $0.89 per 100g, https://productimages.coles.com.au/productimages/1/1997166.jpg
Nivea Pearl & Beauty Roll On Antiperspirant Deodorant | 50mL, $3.69, $7.38 per 100mL, https://productimages.coles.com.au/productimages/5/5312077.jpg
MEB Pita Souvlaki | 450g, $3.60, $0.80 per 100g, https://productimages.coles.com.au/productimages/6/6203860.jpg
Coles Happy Birthday Candles | 12 pack, $1.85, $0.15 per 1ea, https://productimages.coles.com.au/productimages/4/4248584.jpg
Coles Bakery High Fibre Low Gi 7 Seeds & Grains Sandwich Bread Loaf | 400g, $2.50, $0.63 per 100g, https://productimages.coles.com.au/productimages/8/8162061.jpg
Coles Bakery Vanilla Crown Mini Danish | 5 pack, $2.90, $0.58 per 1ea, https://productimages.coles.com.au/productimages/6/6332499.jpg
Darrell Lea Allsorts Liquorice Value Pack | 470g, $6.00, $1.28 per 100g, https://productimages.coles.com.au/productimages/5/5556548.jpg
Remedy Kombucha Raspberry | 1.25L, $6.95, $5.56 per 1L, https://productimages.coles.com.au/productimages/3/3831517.jpg
Red Tractor Protein Low Sugar Granola Apple Caramel | 450g, $6.70, $1.49 per 100g, https://productimages.coles.com.au/productimages/4/4312843.jpg
Red Tractor Protein Low Sugar Granola Peanut Butter | 450g, $6.70, $1.49 per 100g, https://productimages.coles.com.au/productimages/4/4312832.jpg
Difflam Plus Lozengers Anaesthetic Honey & Lemon | 32 pack, $15.00, $0.47 per 1ea, https://productimages.coles.com.au/productimages/4/4969101.jpg
Tip Top Sunblest Wholemeal Sandwich Bread | 650g, $4.00, $0.62 per 100g, https://productimages.coles.com.au/productimages/9/9395101.jpg
Australias Own Barista Oat Milk | 1L, $4.00, $4.00 per 1L, https://productimages.coles.com.au/productimages/3/3793509.jpg
Coles Bakery High Fibre Low Gi White Toast Loaf | 330g, $2.50, $0.76 per 100g, https://productimages.coles.com.au/productimages/2/2941214.jpg
Quest Protein Bars Cookes & Cream 4X60G | 240g, $14.50, $6.04 per 100g, https://productimages.coles.com.au/productimages/4/4291572.jpg
Mountain Bread Natural Wraps 8 Pack | 200g, $4.00, $2.00 per 100g, https://productimages.coles.com.au/productimages/9/9280325.jpg
Helga's Sourdough Bread | 650g, $4.90, $0.75 per 100g, https://productimages.coles.com.au/productimages/3/3558247.jpg
Coles Bakery Vanilla Creme Crown | 2 pack, $2.90, $1.45 per 1ea, https://productimages.coles.com.au/productimages/2/2563762.jpg
MEB Pita Pockets Wholemeal 6 pack | 250g, $2.70, $1.08 per 100g, https://productimages.coles.com.au/productimages/6/6203011.jpg
Coles Double Chocolate Muffins | 4 Pack, $4.70, $1.18 per 1ea, https://productimages.coles.com.au/productimages/2/2409296.jpg
Coles Bakery Traditional Sponge Cream Filled Iced | 450g, $6.75, $1.50 per 100g, https://productimages.coles.com.au/productimages/5/5523582.jpg
Raw C Organic Coconut Oil | 700mL, $9.50, $1.36 per 100mL, https://productimages.coles.com.au/productimages/3/3218850.jpg
Coles Glitter Number Candle No 1 | 1 each, $1.40, $1.40 per 1ea, https://productimages.coles.com.au/productimages/3/3987516.jpg
Ajax Spray N Wipe Glass Cleaner | 500mL, $3.50, $0.70 per 100mL, https://productimages.coles.com.au/productimages/4/4410751.jpg
Coles Bakery White Finger Buns | 4 pack, $3.00, $0.75 per 1ea, https://productimages.coles.com.au/productimages/3/3610744.jpg
Helga's Spinach & Garden Herb Wraps 7 pack | 445g, $5.00, $1.12 per 100g, https://productimages.coles.com.au/productimages/4/4461923.jpg
Cadbury Baking Dark Chocolate Block | 180g, $3.50, $1.94 per 100g, https://productimages.coles.com.au/productimages/2/2313696.jpg
Coles Joyful Muesli Bar Double Chocolate 180g | 1 each, $4.00, $2.22 per 100g, https://productimages.coles.com.au/productimages/5/5448975.jpg
Helga's Turkish Rolls | 400g, $4.00, $1.00 per 100g, https://productimages.coles.com.au/productimages/3/3871737.jpg
Coles Joyful Nut & Seed Bar Apple & Cinnamon 160g | 1 each, $4.00, $2.50 per 100g, https://productimages.coles.com.au/productimages/5/5446925.jpg
Mission Pita Pocket Original | 420g, $4.40, $1.05 per 100g, https://productimages.coles.com.au/productimages/2/2107606.jpg
Coles Bakery Mini Hawaiian Pizza Rolls | 6 pack, $4.50, $0.75 per 1ea, https://productimages.coles.com.au/productimages/3/3110650.jpg
Simson's Pantry Low Carb High Protein 5 pack | 225g, $5.50, $2.44 per 100g, https://productimages.coles.com.au/productimages/3/3758938.jpg
Coles Bakery Tiger Baguette Twin Pack | 2 pack, $1.90, $0.95 per 1ea, https://productimages.coles.com.au/productimages/6/6518362.jpg
Coles Bakery Fantasy Finger Buns | 4 pack, $3.00, $0.75 per 1ea, https://productimages.coles.com.au/productimages/3/3610766.jpg
Capilano Light & Smooth Honey Upside Down | 340g, $6.20, $1.82 per 100g, https://productimages.coles.com.au/productimages/3/3583572.jpg
Coles Lemon Cheesecake Slices | 2 pack, $5.50, $2.50 per 100g, https://productimages.coles.com.au/productimages/3/3638700.jpg
Carman's Crunchy Clusters Cereal Raisin | 750g, $6.00, $0.80 per 100g, https://productimages.coles.com.au/productimages/4/4967401.jpg
Coles Bakery Portuguese Tart | 2 pack, $2.80, $1.40 per 1ea, https://productimages.coles.com.au/productimages/2/2796396.jpg
Coles Stonebaked By Laurent White Sourdough Rolls Garlic Bread | 3 pack, $4.00, $1.33 per 1ea, https://productimages.coles.com.au/productimages/3/3694245.jpg
Coles Bakery Jam Bunlet | 6 pack, $3.50, $0.58 per 1ea, https://productimages.coles.com.au/productimages/4/4417692.jpg
Mckenzie's Borlotti Beans | 375g, $2.30, $0.61 per 100g, https://productimages.coles.com.au/productimages/3/3951880.jpg
Coles Bakery Super Soft Round Rolls | 12 pack, $4.75, $0.40 per 1ea, https://productimages.coles.com.au/productimages/1/1987162.jpg
Abe's Bagels Natural Bagels 4 Pack | 360g, $5.50, $1.53 per 100g, https://productimages.coles.com.au/productimages/2/2901978.jpg
Coles Bakery BBQ Cheese And Bacon Mini Pizza Rolls | 6 pack, $4.50, $0.75 per 1ea, https://productimages.coles.com.au/productimages/3/3641974.jpg
Birds Eye Frozen Steam Fresh Fish Fillets With Parsley & Citrus Sauce 2 Pack | 380g, $9.00, $23.68 per 1kg, https://productimages.coles.com.au/productimages/3/3303508.jpg
Ajax Spray N Wipe Divine Blends Vanilla & Berries | 475mL, $3.50, $0.74 per 100mL, https://productimages.coles.com.au/productimages/3/3059848.jpg
Ajax Spray N Wipe Lavender & Citrus Multi Purpose Cleaner Trigger Pack | 500mL, $3.50, $0.70 per 100mL, https://productimages.coles.com.au/productimages/4/4397165.jpg
Coles White Large Jumbo Wraps 8 Pack | 560g, $4.00, $0.71 per 100g, https://productimages.coles.com.au/productimages/4/4317483.jpg
Queen Victoria Tea Sleepy Blend Tea Bags | 18 pack, $4.50, $0.25 per 1ea, https://productimages.coles.com.au/productimages/4/4971759.jpg
Coles Bakery Stone Baked Light Rye Sourdough Vienna | 1 each, $4.00, $4.00 per 1ea, https://productimages.coles.com.au/productimages/8/8162276.jpg
Coles Easy Close Storage Bags | 25 pack, $3.80, $0.15 per 1ea, https://productimages.coles.com.au/productimages/3/3591956.jpg
Coles Bakery Traditional Cream Filled Dusted Sponge | 380g, $6.75, $1.78 per 100g, https://productimages.coles.com.au/productimages/5/5523618.jpg
Coles Joyful Crunchy Nut Bar Caramel Nut 170g | 1 each, $4.00, $2.35 per 100g, https://productimages.coles.com.au/productimages/5/5446437.jpg
Coles Macarons Selection 10 pack | 110g, $10.50, $9.55 per 100g, https://productimages.coles.com.au/productimages/3/3466047.jpg
Fluffy Concentrate Liquid Fabric Softener Conditioner Divine Blends Warm Vanilla & Creamy Coconut | 900mL, $9.00, $10.00 per 1L, https://productimages.coles.com.au/productimages/2/2223662.jpg
Cadbury Milk Chocolate Baking Block | 180g, $3.50, $1.94 per 100g, https://productimages.coles.com.au/productimages/2/2313700.jpg
Toscano Traditional Butter Waffles 4 pack | 360g, $7.50, $2.08 per 100g, https://productimages.coles.com.au/productimages/8/8995056.jpg
Coles Cream And Jam Filled Donuts | 6 pack, $5.00, $0.83 per 1ea, https://productimages.coles.com.au/productimages/6/6334938.jpg
Mission Spinach & Herb Wraps 8 pack | 567g, $5.50, $0.97 per 100g, https://productimages.coles.com.au/productimages/7/7620921.jpg
Mission Roasted Garlic Wraps 8 pack | 567g, $5.50, $0.97 per 100g, https://productimages.coles.com.au/productimages/6/6955673.jpg
La Fournee Doree Hand Braided Butter Brioche | 400g, $8.90, $2.23 per 100g, https://productimages.coles.com.au/productimages/3/3377005.jpg
Ansell Large Super Rubber Gloves | 1 pair, $3.90, $3.90 per 1ea, https://productimages.coles.com.au/productimages/5/5228709.jpg
Toscano Chocolate Crepes | 192g, $6.00, $3.13 per 100g, https://productimages.coles.com.au/productimages/2/2902427.jpg
Coles Bakery Cake Madeira Lemon | 315g, $3.30, $1.05 per 100g, https://productimages.coles.com.au/productimages/5/5592075.jpg
Coles Bakery High Fibre Low GI 7 Seeds & Grain Rolls | 4 pack, $3.50, $0.88 per 1ea, https://productimages.coles.com.au/productimages/2/2864190.jpg
Coles Bakery Fairy Cupcakes | 6 pack, $6.25, $1.04 per 1ea, https://productimages.coles.com.au/productimages/4/4147838.jpg
Bref Ultimate Gel Ultra Stain Power | 600mL, $7.00, $1.17 per 100mL, https://productimages.coles.com.au/productimages/5/5150601.jpg
Mission Original  Mini Wraps 8 pack | 384g, $4.50, $1.17 per 100g, https://productimages.coles.com.au/productimages/7/7863592.jpg
Pine O Cleen Eucalyptus Disinfectant | 1.25L, $8.00, $0.64 per 100mL, https://productimages.coles.com.au/productimages/5/5186121.jpg
Morning Fresh Cucumber & Aloe Vera Soft Hands Dishwashing Liquid | 350mL, $5.50, $1.57 per 100mL, https://productimages.coles.com.au/productimages/3/3208700.jpg
Ansell Pink Silverlined Gloves Size 7.5 | 1 pair, $3.60, $3.60 per 1ea, https://productimages.coles.com.au/productimages/4/455907.jpg
Easy Off Bam Power Oven Heavy Duty Cleaner | 325g, $5.75, $1.77 per 100g, https://productimages.coles.com.au/productimages/4/4810716.jpg
Biozet Attack Regular Powder | 2kg, $24.00, $12.00 per 1kg, https://productimages.coles.com.au/productimages/2/2597877.jpg
Coles Advance Aa Battery | 10 pack, $6.75, $0.68 per 1ea, https://productimages.coles.com.au/productimages/6/6878765.jpg
Kleenex Flushable Wipes Unscented | 1 pack, $3.95, $0.09 per 1ea, https://productimages.coles.com.au/productimages/1/1337757.jpg
Scrub Daddy Grey | 1 each, $5.00, $5.00 per 1ea, https://productimages.coles.com.au/productimages/4/4398850.jpg
Hercules Twinzip Resealable Medium Storage Bags | 15 pack, $3.30, $0.22 per 1ea, https://productimages.coles.com.au/productimages/3/3364794.jpg
Glen 20 Disinfectant Citrus Breeze Spray | 300g, $6.20, $2.07 per 100g, https://productimages.coles.com.au/productimages/7/7106054.jpg
Drano Bathroom Max Gel Drain Cleaner | 770mL, $16.70, $2.17 per 100mL, https://productimages.coles.com.au/productimages/4/4256979.jpg
Biozet Attack Liquid Plus Softener | 2L, $13.00, $6.50 per 1L, https://productimages.coles.com.au/productimages/3/3196430.jpg
Lindt Excellence Roasted Almond Dark Chocolate Block | 100g, $3.85, $3.85 per 100g, https://productimages.coles.com.au/productimages/6/6922073.jpg
Coles Patterned Serviettes | 100 pack, $3.00, $3.00 per 100ea, https://productimages.coles.com.au/productimages/2/2371874.jpg
Cold Power Extreme Clean Laundry Liquid | 1.8L, $10.50, $5.83 per 1L, https://productimages.coles.com.au/productimages/5/5096470.jpg
BE Distilled Water | 1L, $2.40, $2.40 per 1L, https://productimages.coles.com.au/productimages/5/5475118.jpg
NRG Lithium Batteries 2032 | 2 pack, $6.05, $3.03 per 1ea, https://productimages.coles.com.au/productimages/4/4714097.jpg
Nescafe Milky Bar White Choco Mocha Sachets 8X17.5g | 8 pack, $7.60, $0.95 per 1ea, https://productimages.coles.com.au/productimages/4/4926630.jpg
Bulla Lactose Free Light Sour Cream | 200mL, $4.10, $2.05 per 100mL, https://productimages.coles.com.au/productimages/3/3540650.jpg
FAB Frangipani Front & Top Loader Laundry Liquid | 2L, $8.00, $4.00 per 1L, https://productimages.coles.com.au/productimages/2/2899785.jpg
Sanitarium Up&Go Protein Energize Lqd Breakfast Coffee Fridge Pack 12X250Ml | 3L, $14.50, $4.83 per 1L, https://productimages.coles.com.au/productimages/5/5272777.jpg
Coles Finest Lamb Garlic And Oregano Sausages | 450g, $8.00, $17.78 per 1kg, https://productimages.coles.com.au/productimages/5/5927592.jpg
Handee Ultra Double Length Paper Towel | 4 pack, $11.00, $2.29 per 100ea, https://productimages.coles.com.au/productimages/3/3797598.jpg
Sabco Vinyl Disposable Gloves Medium | 25 pack, $5.00, $0.20 per 1ea, https://productimages.coles.com.au/productimages/3/3897548.jpg
Lindt Lindor Silver Assorted Chocolate Cornet | 333g, $12.00, $3.60 per 100g, https://productimages.coles.com.au/productimages/3/3856595.jpg
Maggi 2 Minute Beef Flavour Noodles 5 Pack | 370g, $5.00, $1.35 per 100g, https://productimages.coles.com.au/productimages/5/5366983.jpg
Three Aussie Farmers Louisiana Pork Sausage | 450g, $8.00, $17.78 per 1kg, https://productimages.coles.com.au/productimages/3/3901690.jpg
Windex Glass Cleaner Trigger Spray Crystal Rain  | 500mL, $4.80, $0.96 per 100mL, https://productimages.coles.com.au/productimages/6/6294764.jpg
Agrios Wild Alaskan Red Sockeye Salmon Portions Skin On | 220g, $15.00, $68.18 per 1kg, https://productimages.coles.com.au/productimages/5/5836737.jpg
Sunrice Jasmine Fragrant Rice | 5kg, $24.00, $0.48 per 100g, https://productimages.coles.com.au/productimages/4/4363786.jpg
Dishmatic General Purpose Refill | 3 pack, $6.30, $2.10 per 1ea, https://productimages.coles.com.au/productimages/8/8923124.jpg
Coles So Soft & Strong 3 Ply Toilet Tissue Hypo Allergenic | 8 pack, $4.60, $0.58 per 1ea, https://productimages.coles.com.au/productimages/3/3915286.jpg
Fluffy Regular Liquid Fabric Softener Conditioner Summer Breeze | 2L, $6.00, $3.00 per 1L, https://productimages.coles.com.au/productimages/4/4795984.jpg
Radiant Mixed Colours Laundry Liquid Washing Detergent | 2L, $20.00, $10.00 per 1L, https://productimages.coles.com.au/productimages/4/4144250.jpg
Coles Timber Spoons | 20 pack, $2.50, $0.13 per 1ea, https://productimages.coles.com.au/productimages/3/3970116.jpg
Glad To Be Green Recycled Kitchen Tidy Bags Medium | 28 pack, $4.75, $4.75 per each, https://productimages.coles.com.au/productimages/3/3779541.jpg
OMO F&T Liquid Sunset Dream | 2L, $26.00, $13.00 per 1L, https://productimages.coles.com.au/productimages/5/5486409.jpg
Primo Roast Pork Thinly Sliced | 80g, $3.70, $46.25 per 1kg, https://productimages.coles.com.au/productimages/3/3576351.jpg
Tamar Valley The Creamery Yoghurt Mangoes & Cream | 700g, $7.50, $1.07 per 100g, https://productimages.coles.com.au/productimages/4/4345037.jpg
Nescafe Decaf Cappuccino Coffee Sachets | 10 pack, $7.60, $0.76 per 1ea, https://productimages.coles.com.au/productimages/4/4976956.jpg
Small Batch Free Range Sticky Pork And Garlic Premium Sausages | 450g, $9.50, $21.11 per 1kg, https://productimages.coles.com.au/productimages/4/4470061.jpg
Coles Ultra Marine Fresh Bleach Toilet Gel | 700mL, $2.30, $0.33 per 100mL, https://productimages.coles.com.au/productimages/8/8359930.jpg
Morning Fresh Botanicals Plum & Cherry Blossom Dishwashing Liquid | 350mL, $5.50, $1.57 per 100mL, https://productimages.coles.com.au/productimages/3/3744310.jpg
Cuddly Soft & Sensitive Fabric Conditioner | 1L, $7.00, $7.00 per 1L, https://productimages.coles.com.au/productimages/7/7319328.jpg
Continental Cup A Soup Roast Chicken Hearty Soup Serves 2 | 75g, $1.40, $1.87 per 100g, https://productimages.coles.com.au/productimages/2/290465.jpg
Sunrice Long Grain Premium White Rice | 1kg, $2.40, $0.24 per 100g, https://productimages.coles.com.au/productimages/1/122518.jpg
Coles Ultra Wet Floor Wipes Tub | 24 pack, $6.00, $0.25 per 1ea, https://productimages.coles.com.au/productimages/3/3000380.jpg
Uncle Tobys Cheerios Multigrain Cereal | 320g, $6.50, $2.03 per 100g, https://productimages.coles.com.au/productimages/1/1175134.jpg
Harpic White & Shine Bleach Toilet Cistern Block 2 pack | 100g, $4.50, $4.50 per 100g, https://productimages.coles.com.au/productimages/2/2459432.jpg
Dettol Multipurpose Wipes Pomegranate | 110 pack, $12.00, $10.91 per 100ea, https://productimages.coles.com.au/productimages/6/6383263.jpg
Lindt Les Grandes Milk chocolate & Hazelnut Block | 150g, $7.00, $4.67 per 100g, https://productimages.coles.com.au/productimages/3/3759238.jpg
Multix Aluminium Foil Wrap 10m x 30cm | 10m, $3.00, $0.30 per 1M, https://productimages.coles.com.au/productimages/1/106395.jpg
Dynamo Profession Odour Eliminator Liquid | 1.8L, $25.00, $13.89 per 1L, https://productimages.coles.com.au/productimages/3/3774355.jpg
Bref Power Active Gel Eucalyptus | 700mL, $7.00, $1.00 per 100mL, https://productimages.coles.com.au/productimages/5/5150678.jpg
Uncle Toby's Roll Ups Berry Sour | 94g, $5.00, $5.32 per 100g, https://productimages.coles.com.au/productimages/5/5200197.jpg
Perfect Italiano Mexican Cheese Blend Grated | 450g, $9.00, $20.00 per 1kg, https://productimages.coles.com.au/productimages/4/4383740.jpg
Tamar Valley Natural 99.85% Fat Free Yoghurt | 1kg, $6.00, $0.60 per 100g, https://productimages.coles.com.au/productimages/2/2130313.jpg
OMO Ultimate Laundry Liquid Sensitive  | 2L, $14.50, $7.25 per 1L, https://productimages.coles.com.au/productimages/5/5091637.jpg
Coles Graze Lamb Mince  | 500g, $9.00, $18.00 per 1kg, https://productimages.coles.com.au/productimages/3/3697710.jpg
Sunrice Medium Grain White Rice | 1kg, $4.00, $0.40 per 100g, https://productimages.coles.com.au/productimages/1/122460.jpg
Coles Finest Beef And Margaret River Shiraz Sausages | 500g, $8.00, $16.00 per 1kg, https://productimages.coles.com.au/productimages/5/5926669.jpg
Sunrice Indian Aroma Basmati Rice | 1kg, $6.50, $0.65 per 100g, https://productimages.coles.com.au/productimages/4/4518124.jpg
Coles No Added Hormone Peppered Beef Steaks | 300g, $8.00, $26.67 per 1kg, https://productimages.coles.com.au/productimages/4/4678970.jpg
Continental Pasta & Sauce Creamy Bacon Carbonara | 85g, $2.00, $2.35 per 100g, https://productimages.coles.com.au/productimages/4/4725694.jpg
Coles Finest Pork Sage And Black Pepper Sausages | 500g, $8.00, $16.00 per 1kg, https://productimages.coles.com.au/productimages/5/5928507.jpg
Coles Finest Lamb Frenched Rack Roast | approx 226g, $9.04, $40.00 per 1kg, https://productimages.coles.com.au/productimages/5/5992620.jpg
Drovers Choice Beef Chunky Casserole Steaks | approx 1kg, $18.00, $18.00 per 1kg, https://productimages.coles.com.au/productimages/5/5041107.jpg
Tamar Valley The Creamery Yoghurt Blueberries & Cream | 170g, $2.90, $1.71 per 100g, https://productimages.coles.com.au/productimages/4/4348421.jpg
Glad To Be Green Recycled Kitchen Tidy Bags Large | 22 pack, $4.75, $4.75 per each, https://productimages.coles.com.au/productimages/3/3779520.jpg
Coles RSPCA Approved Chicken Breast Steaks Lemon & Herb | 500g, $11.50, $23.00 per 1kg, https://productimages.coles.com.au/productimages/2/2014119.jpg
Coles Lamb Boneless Leg Roast Small | approx 490g, $11.27, $23.00 per 1kg, https://productimages.coles.com.au/productimages/4/4465968.jpg
Lilydale Free Range Chicken Kebab Katsu Curry | 750g, $16.50, $22.00 per 1kg, https://productimages.coles.com.au/productimages/5/5551963.jpg
Coles Graze Grassfed Beef Chuck Casserole | 600g, $13.00, $21.67 per 1kg, https://productimages.coles.com.au/productimages/6/6332262.jpg
Small Batch Beef Burger Le Parisien | 290g, $8.50, $29.31 per 1kg, https://productimages.coles.com.au/productimages/5/5703507.jpg
Coles BBQ Pack | 1kg, $11.00, $11.00 per 1kg, https://productimages.coles.com.au/productimages/3/3269410.jpg
Coles No Added Hormone Beef Marrow Bones | approx 1.25Kg, $7.50, $6.00 per 1kg, https://productimages.coles.com.au/productimages/3/3110785.jpg
Coles Finest Hot & Spicy Beef Burgers 2 Pack | 300g, $7.50, $25.00 per 1kg, https://productimages.coles.com.au/productimages/5/5132632.jpg
Coles Finest Carbon Neutral Beef Scotch Fillet Steak | 375g, $20.00, $53.33 per 1kg, https://productimages.coles.com.au/productimages/4/4994787.jpg
Coles Graze Grassfed Beef Fillet Steak | 300g, $17.00, $56.67 per 1kg, https://productimages.coles.com.au/productimages/6/6332182.jpg
Lindt Praline Master Collection Chocolate Box | 184g, $22.00, $11.96 per 100g, https://productimages.coles.com.au/productimages/3/3937427.jpg
Drovers Choice No Added Hormone Beef Porterhouse Steak | approx 780g, $19.50, $25.00 per 1kg, https://productimages.coles.com.au/productimages/2/2591860.jpg
Richmond Valley Veal Sizzle Steak | 400g, $12.00, $30.00 per 1kg, https://productimages.coles.com.au/productimages/2/2819345.jpg
Sard Power Spray | 450mL, $6.00, $13.33 per 1L, https://productimages.coles.com.au/productimages/4/4471199.jpg
Coles Lamb Diced | 450g, $13.00, $28.89 per 1kg, https://productimages.coles.com.au/productimages/3/3580600.jpg
Cleaver's Organic Mini Meatball | 380g, $11.00, $28.95 per 1kg, https://productimages.coles.com.au/productimages/9/9242869.jpg
V2 Mince Plant Based | 400g, $7.50, $18.75 per 1kg, https://productimages.coles.com.au/productimages/5/5708238.jpg
Coles Made Easy Chicken Puff Pastry Parcels With Parmesan & Garlic | 350g, $8.00, $22.86 per 1kg, https://productimages.coles.com.au/productimages/2/2292337.jpg
Coles RSPCA Approved Chicken Kebabs With Sticky BBQ Rub | 750g, $12.00, $16.00 per 1kg, https://productimages.coles.com.au/productimages/5/5471773.jpg
Ocean Blue Sliced Smoked Ocean Trout | 100g, $7.00, $70.00 per 1kg, https://productimages.coles.com.au/productimages/2/2740766.jpg
Coles Made Easy Beef Puff Pastry Parcels In Red Wine Sauce | 350g, $9.00, $25.72 per 1kg, https://productimages.coles.com.au/productimages/2/2724737.jpg
Coles Pork Slow Cook Scotch Roast | approx 1.5kg, $19.50, $13.00 per 1kg, https://productimages.coles.com.au/productimages/2/2902700.jpg
Coles Spicy Korean Chicken Bites | 450g, $10.00, $22.22 per 1kg, https://productimages.coles.com.au/productimages/6/6358517.jpg
Philadelphia Regular Cream Cheese Block | 250g, $5.70, $22.80 per 1kg, https://productimages.coles.com.au/productimages/1/192502.jpg
Coles Slow Cooked Pulled Chicken | 250g, $8.30, $33.20 per 1kg, https://productimages.coles.com.au/productimages/3/3766415.jpg
Coles Finest Lamb Backstrap | approx 226g, $11.98, $53.00 per 1kg, https://productimages.coles.com.au/productimages/5/5992630.jpg
Coles Beef Porterhouse Thin Cut | 440g, $19.00, $43.18 per 1kg, https://productimages.coles.com.au/productimages/5/5629539.jpg
Coles Lamb Burgers With Rosemary And Garlic 4 Pack | 400g, $7.50, $18.75 per 1kg, https://productimages.coles.com.au/productimages/5/5132541.jpg
V2 Schnitzel Original Plant Based 2 Pack | 300g, $8.00, $26.67 per 1kg, https://productimages.coles.com.au/productimages/4/4884155.jpg
Coles Lamb Leg Steak With Middle Eastern Rub 2 Pack | 210g, $7.50, $35.72 per 1kg, https://productimages.coles.com.au/productimages/4/4501427.jpg
Lindt Lindor Milk Chocolate Bar | 38g, $1.00, $2.63 per 100g, https://productimages.coles.com.au/productimages/1/1255244.jpg
Three Aussie Farmers Farmhouse Style Pork Sausages | 450g, $8.00, $17.78 per 1kg, https://productimages.coles.com.au/productimages/3/3770627.jpg
Coles Graze Grassfed Beef Sausages | 500g, $8.00, $16.00 per 1kg, https://productimages.coles.com.au/productimages/2/2951397.jpg
Hanabi Mukimake Shelled Soybeans | 400g, $4.50, $11.25 per 1kg, https://productimages.coles.com.au/productimages/3/3243439.jpg
Weight Watchers Beef Bolognese | 320g, $3.90, $1.22 per 100g, https://productimages.coles.com.au/productimages/3/3581533.jpg
On The Menu Chicken Parma With Cheesy Chips & Veg | 480g, $8.00, $1.67 per 100g, https://productimages.coles.com.au/productimages/4/4506114.jpg
Mrs Mac's Microwaveable Beef & Cheese Pie | 175g, $3.20, $1.83 per 100g, https://productimages.coles.com.au/productimages/5/5116680.jpg
Coles Frozen Brussels Sprouts | 500g, $3.00, $6.00 per 1kg, https://productimages.coles.com.au/productimages/2/208894.jpg
Steggles Frozen Crumbed Chicken Nuggets | 1kg, $13.70, $13.70 per 1kg, https://productimages.coles.com.au/productimages/3/3081825.jpg
Birds Eye Snap Frozen Mixed Vegetables | 1 kg, $6.50, $6.50 per 1kg, https://productimages.coles.com.au/productimages/5/5075084.jpg
I&J Raw Prawns Tail On | 500g, $12.00, $24.00 per 1kg, https://productimages.coles.com.au/productimages/3/3580290.jpg
Nanna's Frozen Blackberry & Apple Pies 4 pack | 450g, $5.00, $1.11 per 100g, https://productimages.coles.com.au/productimages/5/5006547.jpg
Fancy Feast Creamy Delights With Pate Salmon Cat Food | 85g, $1.30, $1.53 per 100g, https://productimages.coles.com.au/productimages/4/4492122.jpg
On The Menu Frozen Pappardelle Ragu | 260g, $4.50, $1.73 per 100g, https://productimages.coles.com.au/productimages/2/2742364.jpg
Hanabi Frozen Edamame Soybean Pods | 400g, $3.90, $9.75 per 1kg, https://productimages.coles.com.au/productimages/2/2143224.jpg
Coles Convenience Meals Tuna Bake | 375g, $4.00, $1.07 per 100g, https://productimages.coles.com.au/productimages/7/7147109.jpg
Connoisseur Ice Cream Chocolate Brownie Custard  | 1L, $12.00, $1.20 per 100mL, https://productimages.coles.com.au/productimages/2/2750395.jpg
Pet Treat Bar Peanut Butter Dog Biscuits | approx 100g, $6.00, $60.00 per 1kg, https://productimages.coles.com.au/productimages/3/3885491.jpg
Natures Goodness Grain Free Mature Adult Chilled Fresh Dog Food Roll Roast Turkey and Steamed Vegetables | 2.15kg, $7.20, $0.33 per 100g, https://productimages.coles.com.au/productimages/1/1174379.jpg
No Vac Pet Foam Carpet Sanitiser & Deodoriser | 290g, $4.15, $1.43 per 100g, https://productimages.coles.com.au/productimages/8/8149879.jpg
Golp Dog Yoghurt Vanilla Probiotic Dog Treat | 70g, $2.60, $3.71 per 100g, https://productimages.coles.com.au/productimages/4/4306716.jpg
Birds Eye Frozen Steam Fresh Beans Carrot & Broccoli Mix 3 pack | 450g, $4.50, $10.00 per 1kg, https://productimages.coles.com.au/productimages/2/2740041.jpg
Coles Choc Mint Cones 4 pack | 475mL, $3.90, $0.82 per 100mL, https://productimages.coles.com.au/productimages/3/3265920.jpg
Coles Veg Pad Thai | 375g, $4.00, $1.07 per 100g, https://productimages.coles.com.au/productimages/3/3218169.jpg
Natures Goodness Grain Free Puppy Chilled Fresh Dog Food Roll Growing Pup Chicken with Vegetables | 680g, $3.50, $0.51 per 100g, https://productimages.coles.com.au/productimages/2/2133210.jpg
Birds Eye Frozen Steam Fresh Bean Broccoli & Sugar Snap Peas 3 pack | 450g, $4.50, $10.00 per 1kg, https://productimages.coles.com.au/productimages/2/2740052.jpg
Pet Treat Bar Yoghurt Buttons | approx 100g, $6.00, $60.00 per 1kg, https://productimages.coles.com.au/productimages/3/3885582.jpg
Fussy Cat Grain Free Adult Wet Cat food Salmon & Oceanfish With Olive Oil | 400g, $2.20, $0.55 per 100g, https://productimages.coles.com.au/productimages/2/2912668.jpg
Purr Gourmet Chunky Tuna & Prawn in Gravy Cat Food | 85g, $1.20, $1.41 per 100g, https://productimages.coles.com.au/productimages/9/9105008.jpg
Pet Treat Bar Toothbrush | approx 100g, $6.00, $60.00 per 1kg, https://productimages.coles.com.au/productimages/6/6004536.jpg
Pet Treat Bar Veggie Booster Chew | approx 100g, $6.00, $60.00 per 1kg, https://productimages.coles.com.au/productimages/5/5487911.jpg
Connoisseur Ice Cream Honey Macadamia | 1L, $12.00, $1.20 per 100mL, https://productimages.coles.com.au/productimages/5/5863864.jpg
Pedigree Homestyle Pedigree Homestyle Chicken With Rice & Vegies Adult Wet Dog Food Can | 700g, $3.50, $0.50 per 100g, https://productimages.coles.com.au/productimages/7/7334853.jpg
Fussy Cat Grain Free Adult Chilled Fresh Cat Food Tartare with Kangaroo | 70g, $2.00, $2.86 per 100g, https://productimages.coles.com.au/productimages/3/3576395.jpg
Nature's Gift Lamb Pasta And Vegetable Dog Food | 700g, $2.80, $0.40 per 100g, https://productimages.coles.com.au/productimages/7/7875398.jpg
Vitapet Chewz Rawhide Alternative Roll With Chicken Pasta Dog Treat | 1 pack, $3.95, $3.95 per 1ea, https://productimages.coles.com.au/productimages/5/5488969.jpg
Pet Treat Bar Liver & Charcoal Dental Sticks | approx 100g, currently unavailable, currently unavailable per each, https://productimages.coles.com.au/productimages/5/5615385.jpg
My Dog Adut Wet Dog Food Chicken Fillets In Gravy Tray | 100g, $1.70, $1.70 per 100g, https://productimages.coles.com.au/productimages/4/4930387.jpg
Pedigree Homestyle Lamb Pasta & Vegies Adult Wet Dog Food Can | 1.2kg, $4.00, $0.33 per 100g, https://productimages.coles.com.au/productimages/7/7334886.jpg
Fussy Cat Grain Free Adult Dry Cat food Salmon & Oceanfish With Olive Oil | 2.5kg, $16.80, $0.67 per 100g, https://productimages.coles.com.au/productimages/2/2739960.jpg
Birds Eye Frozen Supreme Mixed Vegetables Stir Fry | 850g, $5.50, $6.47 per 1kg, https://productimages.coles.com.au/productimages/9/9110358.jpg
Dine Fine Flakes Tuna & Whitebait Wet Cat Food Pouch | 35g, $1.60, $4.57 per 100g, https://productimages.coles.com.au/productimages/2/2283165.jpg
KB's Whiting Bites Southern Style Batter | 1kg, $27.50, $27.50 per 1kg, https://productimages.coles.com.au/productimages/4/4285172.jpg
Connoisseur Ice Cream Cafe Grande | 1L, $12.00, $1.20 per 100mL, https://productimages.coles.com.au/productimages/5/5289995.jpg
Peters Drumstick Choc Mint Ice Cream 4 pack | 475mL, $6.50, $1.37 per 100mL, https://productimages.coles.com.au/productimages/7/7210293.jpg
Fussy Cat Twice As Tasty Cat Food Mince & Jelly Chicken With Prawns | 70g, $2.00, $2.86 per 100g, https://productimages.coles.com.au/productimages/5/5284969.jpg
Vitapet Salmon Sticks Dog Treat | 80g, $6.00, $7.50 per 100g, https://productimages.coles.com.au/productimages/3/3452665.jpg
Dine Desire Tuna Slices in Jus Grain Free Wet Cat Food Can | 85g, $2.30, $2.71 per 100g, https://productimages.coles.com.au/productimages/7/7342410.jpg
Whiskas Furball Sardine And Prawn Adult Dry Cat Food | 800g, $5.20, $0.65 per 100g, https://productimages.coles.com.au/productimages/3/3871919.jpg
Optimum Grainfree Dry Cat Food Adult Chicken | 1.8kg, $24.00, $1.33 per 100g, https://productimages.coles.com.au/productimages/4/4191909.jpg
Whiskas 1+ Years So Fishy Recipe Ocean Platter In Jelly Cat Food 85g | 12 pack, $10.80, $1.06 per 100g, https://productimages.coles.com.au/productimages/3/3767076.jpg
Schmackos Tasty Bites Cheesy Nibbles Cheese & Beef Dog Treat | 140g, $4.50, $3.21 per 100g, https://productimages.coles.com.au/productimages/4/4931346.jpg
Core Power Foods Smokey Mountain Meatballs | 350g, $7.00, $2.00 per 100g, https://productimages.coles.com.au/productimages/3/3534001.jpg
Applaws Cat Food Tuna With Prawn | 70g, $2.20, $3.14 per 100g, https://productimages.coles.com.au/productimages/8/8968530.jpg
I&J Raw Prawns Extra Large Tail On | 500g, $13.50, $27.00 per 1kg, https://productimages.coles.com.au/productimages/3/3580177.jpg
Birds Eye Frozen Baby Peas | 1kg, $6.00, $6.00 per 1kg, https://productimages.coles.com.au/productimages/9/9257582.jpg
Hong Kong Pork Dim Sims | 480g, $8.00, $1.67 per 100g, https://productimages.coles.com.au/productimages/5/5292231.jpg
Optimum Healthy Weight 1+ Years Chunks In Jelly With Chicken Cat Food Pouch | 85g, $2.10, $2.47 per 100g, https://productimages.coles.com.au/productimages/3/3759340.jpg
Coles Penne Napoletana Pasta | 375g, $4.00, $1.07 per 100g, https://productimages.coles.com.au/productimages/3/3480412.jpg
Vadilal Green Chilli | 312g, $2.40, $0.77 per 100g, https://productimages.coles.com.au/productimages/3/3641125.jpg
Baby Bellies Organic Smoothie Bowl Apple-Strawberry And Oats | 110g, $2.00, $1.82 per 100g, https://productimages.coles.com.au/productimages/4/4197938.jpg
Coles Bird Seed Wildbird | 5kg, $9.95, $0.20 per 100g, https://productimages.coles.com.au/productimages/4/4560845.jpg
Farmers Market Adult Wet Dog Food Chicken Loaf With Carrots and Peas | 400g, $3.50, $0.88 per 100g, https://productimages.coles.com.au/productimages/3/3319698.jpg
Pet Treat Bar Goat Horns Cut 4-5 Inch | approx 100g, $6.00, $60.00 per 1kg, https://productimages.coles.com.au/productimages/3/3885436.jpg
Trill Bird Seed Cockatiel Mix | 1.8Kg, $6.00, $6.00 per each, https://productimages.coles.com.au/productimages/3/3769402.jpg
Keep It Cleaner Toddler Sweet Corn Puffs | 22g, $2.20, $10.00 per 100g, https://productimages.coles.com.au/productimages/5/5052464.jpg
On The Menu Frozen Cheese Macaroni | 260g, $4.50, $1.73 per 100g, https://productimages.coles.com.au/productimages/1/1167872.jpg
Bow Wow Chicken Fillets Dog Treat | 1 pack, $3.00, $3.00 per 1ea, https://productimages.coles.com.au/productimages/3/3994679.jpg
Optimum Grain Free Lamb & Green Beans Wet Dog Food Trays | 85g, $1.25, $1.47 per 100g, https://productimages.coles.com.au/productimages/3/3589820.jpg
Pet Treat Bar Kangaroo Tail Segments | approx 100g, $6.00, $60.00 per 1kg, https://productimages.coles.com.au/productimages/3/3885301.jpg
Purr Seafood Selection Cat Food 12x85g | 12 pack, $8.80, $0.86 per 100g, https://productimages.coles.com.au/productimages/3/3707879.jpg
McCain Frozen Sweet Potato Chips | 750g, $7.70, $10.27 per 1kg, https://productimages.coles.com.au/productimages/2/2137800.jpg
Bellamy's Organic Banana Custard With Flaxseed  6 + Months | 120g, $2.30, $1.92 per 100g, https://productimages.coles.com.au/productimages/3/3292795.jpg
Pet Treat Bar Chicken Necks | approx 100g, $6.00, $60.00 per 1kg, https://productimages.coles.com.au/productimages/3/3885516.jpg
Breeder's Choice Plus Probiotic Cat Litter | 9L, $15.00, $1.67 per 1L, https://productimages.coles.com.au/productimages/5/5215671.jpg
Woofin Good Grainfree Chunks In Gravy Chicken & Vegetables Dog Food | 400g, $2.00, $0.50 per 100g, https://productimages.coles.com.au/productimages/3/3699872.jpg
Haagen Dazs Belgian Chocolate Ice Cream Tub | 457mL, $13.50, $2.95 per 100mL, https://productimages.coles.com.au/productimages/2/2752674.jpg
Birds Eye Frozen Fish Fillets With Original  Crumb Oven Bake 6 pack | 425g, $10.50, $24.71 per 1kg, https://productimages.coles.com.au/productimages/8/84452.jpg
Coles Mozzarella Bites & Sauce 10 Pack | 330g, $5.50, $1.67 per 100g, https://productimages.coles.com.au/productimages/2/2481930.jpg
Birds Eye Snap Frozen Broad Beans | 500g, $4.00, $8.00 per 1kg, https://productimages.coles.com.au/productimages/1/1777148.jpg
Applaws Fish Selection In Jelly Cat Food Pouch | 5 pack, $7.25, $2.90 per 100g, https://productimages.coles.com.au/productimages/4/4504469.jpg
Coles Mini Chicken Kiev | 320g, $5.50, $1.72 per 100g, https://productimages.coles.com.au/productimages/3/3311029.jpg
Birds Eye Frozen Fish Fingers 40 Pieces | 1kg, $10.50, $10.50 per 1kg, https://productimages.coles.com.au/productimages/2/292937.jpg
Coles Margherita Pizza | 470g, $5.00, $1.06 per 100g, https://productimages.coles.com.au/productimages/2/2662196.jpg
Creative Gourmet Frozen Passionfruit Pulp | 300g, $2.82, $9.40 per 1kg, https://productimages.coles.com.au/productimages/3/3573047.jpg
The Natural Paw Company Tofu Cat Litter | 2kg, $13.50, $6.75 per 1kg, https://productimages.coles.com.au/productimages/3/3741210.jpg
Farmers Market Adult Wet Dog Food Tender Lamb With Julienne Carrots & Beans | 100g, $1.60, $1.60 per 100g, https://productimages.coles.com.au/productimages/2/2825202.jpg
Coles French Style Cheesecake | 450g, $4.30, $0.96 per 100g, https://productimages.coles.com.au/productimages/3/3890017.jpg
Purina One Succulent Chicken In Gravy Hairball Cat Food Pouch | 70g, $2.30, $3.29 per 100g, https://productimages.coles.com.au/productimages/3/3557947.jpg
Dr. Oetker Frozen Ristorante Hawaii Pizza | 355g, $9.00, $2.54 per 100g, https://productimages.coles.com.au/productimages/8/8634954.jpg
Coles Frozen Chicken Breast Kiev 2 Pack | 350g, $6.00, $17.14 per 1kg, https://productimages.coles.com.au/productimages/5/5428264.jpg
Coles Adult Chilled Fresh Dog Food Roll Chicken & Rice | 3kg, $6.00, $0.20 per 100g, https://productimages.coles.com.au/productimages/2/2132159.jpg
Coles Frozen Hawaiian Pizza | 500g, $5.00, $1.00 per 100g, https://productimages.coles.com.au/productimages/2/2632162.jpg
Birds Eye Snap Frozen Baby Beans | 500g, $4.00, $8.00 per 1kg, https://productimages.coles.com.au/productimages/3/300729.jpg
Purr Tender Chicken Breast in Gravy Cat Food | 85g, $1.20, $1.41 per 100g, https://productimages.coles.com.au/productimages/7/7582028.jpg
Nanna's Frozen Apple Pie | 600g, $5.00, $0.83 per 100g, https://productimages.coles.com.au/productimages/1/187477.jpg
Ultimates Indulge Responsibly Fished Tuna & Barramundi Cat Food Canned  | 85g, $1.60, $1.88 per 100g, https://productimages.coles.com.au/productimages/3/3595560.jpg
Pampas Frozen Puff Pastry Sheets Extra Light 6 pack | 1kg, $5.20, $0.52 per 100g, https://productimages.coles.com.au/productimages/9/9514561.jpg
Hersheys Milk Chocolate Ice Cream | 1L, $4.50, $0.45 per 100mL, https://productimages.coles.com.au/productimages/4/4455115.jpg
Birds Eye Snap Frozen Garden Peas | 500g, $3.50, $7.00 per 1kg, https://productimages.coles.com.au/productimages/1/186383.jpg
Heinz Little Kids Lentil Puffs With Tomato & Carrot Snack | 12g, $1.90, $15.83 per 100g, https://productimages.coles.com.au/productimages/5/5044364.jpg
Bellamy's Organic Apple & Fig Oatmeal Puree 4+ Months | 120g, $2.30, $1.92 per 100g, https://productimages.coles.com.au/productimages/2/2153308.jpg
Core Power Foods Holy Meatballs Lean Beef | 350g, $7.00, $2.00 per 100g, https://productimages.coles.com.au/productimages/3/3533993.jpg
Milton Concentrated Anti-Bacterial Solution | 500mL, $11.00, $2.20 per 100mL, https://productimages.coles.com.au/productimages/3/3499454.jpg
Only Organic Pumpkin Potato & Beef Baby Food 8+ Months | 170g, $2.90, $1.71 per 100g, https://productimages.coles.com.au/productimages/3/3288787.jpg
Rafferty's Garden Chicken Basil & Tomato Pasta Mini Meal Baby Food Pouch 10+ Months | 170g, $2.80, $1.65 per 100g, https://productimages.coles.com.au/productimages/6/6026823.jpg
Little Bellies Organic Cocoa & Vanilla 123's Biscuits | 130g, $5.50, $4.23 per 100g, https://productimages.coles.com.au/productimages/5/5033583.jpg
Kiddylicious Coconut Rolls 8x6.8g | 54.4g, $6.30, $11.58 per 100g, https://productimages.coles.com.au/productimages/3/3018910.jpg
Rafferty's Garden Apple Raisins & Chia Baked Oat Bites 12M+ Months | 30g, $3.00, $10.00 per 100g, https://productimages.coles.com.au/productimages/5/5149250.jpg
Rafferty's Garden Beef & Hearty Vegetable Lasagne Mini Meal Baby Food Pouch 10+ Months | 170g, $2.80, $1.65 per 100g, https://productimages.coles.com.au/productimages/7/7730624.jpg
Nestle NAN Comfort 1 Starter Baby Infant Formula Powder From Birth  | 800g, $20.00, $2.50 per 100g, https://productimages.coles.com.au/productimages/4/4162398.jpg
Bepanthen Nappy Rash Ointment | 100g, $13.00, $13.00 per 100g, https://productimages.coles.com.au/productimages/9/9767080.jpg
B.box Tritan Drink Bottle 600mL | 1 each, $20.80, $20.80 per 1ea, https://productimages.coles.com.au/productimages/5/5118030.jpg
Huggies Drynites Night Pants Girls Size 2-4 Years | 10 pack, $13.00, $1.30 per 1ea, https://productimages.coles.com.au/productimages/5/5062934.jpg
DryNites Disposable Bed Mats | 7 pack, $11.00, $1.57 per 1ea, https://productimages.coles.com.au/productimages/9/9859814.jpg
Only Organic Free Range Chicken Mango & Coconut Rice 10+ Months | 170g, $2.90, $1.71 per 100g, https://productimages.coles.com.au/productimages/3/3288834.jpg
OB Finest Gluten Free Pistachio & Fig Speciality Crackers | 130g, $6.50, $5.00 per 100g, https://productimages.coles.com.au/productimages/3/3635199.jpg
Wholekids Mango Banana & Coconut Milk Smoothie Drops | 20g, $6.00, $30.00 per 100g, https://productimages.coles.com.au/productimages/5/5011616.jpg
Bubs Organic Grass Fed Formula Stage 2 Follow On | 800g, $26.40, $3.30 per 100g, https://productimages.coles.com.au/productimages/3/3774140.jpg
B.box Replacement Straw | 1 pack, $8.00, $8.00 per 1ea, https://productimages.coles.com.au/productimages/3/3841565.jpg
Don Hot Hungarian Salami | 200g, $8.50, $4.25 per 100g, https://productimages.coles.com.au/productimages/4/4253303.jpg
Bepanthen Antiseptic Soothing Cream | 100g, $12.49, $12.49 per 100g, https://productimages.coles.com.au/productimages/9/9153780.jpg
WaterWipes Fragrance Free Sensitive Skin 60 Baby Wipes | 60 pack, $6.00, $10.00 per 100ea, https://productimages.coles.com.au/productimages/1/1499307.jpg
Bellamy's Organic Infant Formula Step 3 Toddler | 900g, $32.30, $3.59 per 100g, https://productimages.coles.com.au/productimages/4/4756938.jpg
Johnson & Johnson Baby Soap Twin Pack | 95g, currently unavailable, currently unavailable per each, https://productimages.coles.com.au/productimages/4/405931.jpg
Huggies Ultra Dry Nappy Pants Boys Size 4 (9-14kg) | 29 pack, $22.00, $0.76 per 1ea, https://productimages.coles.com.au/productimages/2/2848230.jpg
Normandie Mixed Pate Pods 4 pack | 200g, $7.30, $3.65 per 100g, https://productimages.coles.com.au/productimages/1/1861619.jpg
Swisspers Baby Cotton Tips Paper Stem | 40 pack, $2.55, $0.06 per 1ea, https://productimages.coles.com.au/productimages/5/5239534.jpg
Karicare+ 2 Baby Follow-On Formula From 6-12 Months | 900g, $21.00, $2.33 per 100g, https://productimages.coles.com.au/productimages/1/1023271.jpg
Coles Deli RSPCA Approved Chicken Tenderloins Thai | approx 180g, $2.97, $16.50 per 1kg, https://productimages.coles.com.au/productimages/3/3640224.jpg
Alula S-26 Gold Stage 3 Milk Drink 1year+ | 900g, $22.90, $2.54 per 100g, https://productimages.coles.com.au/productimages/3/3025766.jpg
Huggies Infant Nappies Size 2 (4-8kg) | 1 pack, $16.00, $0.33 per 1ea, https://productimages.coles.com.au/productimages/3/3114855.jpg
CUB Weaning Spoon Set | 3 pack, $5.00, $1.67 per 1ea, https://productimages.coles.com.au/productimages/4/4151992.jpg
Fromager D' Affinois Excellence Cheese | approx200g, $13.40, $67.00 per 1kg, https://productimages.coles.com.au/productimages/3/3022021.jpg
Bellamy's Organic Porridge Baby Cereal | 125g, $4.40, $3.52 per 100g, https://productimages.coles.com.au/productimages/6/6038006.jpg
B.box Sippy Cup For Kids | 1 each, $13.20, $13.20 per 1ea, https://productimages.coles.com.au/productimages/3/3510207.jpg
CUB Organic Garden Vegetable Risotto 10M+ | 170g, $2.50, $1.47 per 100g, https://productimages.coles.com.au/productimages/3/3973464.jpg
Coles Deli RSPCA Approved Chicken Nibbles Chilli Sriracha | approx 500g, $3.75, $7.50 per 1kg, https://productimages.coles.com.au/productimages/3/3048182.jpg
B.box Disney Sippy Cup Assorted | 1 each, $14.40, $14.40 per 1ea, https://productimages.coles.com.au/productimages/5/5245151.jpg
Nestle NAN SUPREMEpro 4 Premium Toddler Milk Drink Powder From 2 Years | 800g, $28.00, $3.50 per 100g, https://productimages.coles.com.au/productimages/4/4161872.jpg
West Country Farmhouse Cheddar | approx100g, $5.00, $50.00 per 1kg, https://productimages.coles.com.au/productimages/3/3750696.jpg
Gs Premium Margherita Pizza | 500g, $12.00, $2.40 per 100g, https://productimages.coles.com.au/productimages/3/3903742.jpg
Alula S-26 Gold Stage 2 Formula 6-12 Months | 900g, $30.00, $3.33 per 100g, https://productimages.coles.com.au/productimages/3/3025722.jpg
Tooshies Eco Wipes Aloe Vera & Chamomile | 280 pack, $18.50, $6.61 per 100ea, https://productimages.coles.com.au/productimages/3/3185263.jpg
Huggies Ultra Dry Nappy Pants Girls Size 6 (15kg+) | 24 pack, $22.00, $0.92 per 1ea, https://productimages.coles.com.au/productimages/2/2848300.jpg
Coles Australian Made Coppa Ham | approx 100g, $2.65, $26.50 per 1kg, https://productimages.coles.com.au/productimages/5/5051519.jpg
Provedore Italian Style Charcuterie | 150g, $10.00, $66.67 per 1kg, https://productimages.coles.com.au/productimages/3/3573014.jpg
British Truffle Cheddar | approx 100g, $4.50, $45.00 per 1kg, https://productimages.coles.com.au/productimages/5/5363012.jpg
Bubs Organic Grass Fed Formula Stage 3 Toddler | 800g, $26.40, $3.30 per 100g, https://productimages.coles.com.au/productimages/3/3774151.jpg
Coles Deli Baby Bell Peppers with Cream Cheese | approx 100g, $3.50, $35.00 per 1kg, https://productimages.coles.com.au/productimages/3/3067915.jpg
Gaia Natural Baby Sleeptime Bath | 500mL, $13.50, $2.70 per 100mL, https://productimages.coles.com.au/productimages/1/1516188.jpg
Coles Deli Salads Tub Small Classic Coleslaw | 1 each, $4.00, $4.00 per 1ea, https://productimages.coles.com.au/productimages/9/9096097.jpg
Huggies Newborn Nappies Size 1 (up to 5kg) | 1 pack, $16.00, $0.30 per 1ea, https://productimages.coles.com.au/productimages/7/7259907.jpg
Don Lunchbox Sticks | 140g, $4.00, $28.57 per 1kg, https://productimages.coles.com.au/productimages/6/6284670.jpg
Meredith Dairy Marinated Goats Cheese | approx 100g, $4.00, $40.00 per 1kg, https://productimages.coles.com.au/productimages/3/3219897.jpg
Meredith Dairy Marinated Goat Cheese | 320g, $13.00, $40.63 per 1kg, https://productimages.coles.com.au/productimages/6/6671042.jpg
Huggies Thick Baby Wipes Fragrance Free 3x80 | 3 pack, $10.70, $4.46 per 100ea, https://productimages.coles.com.au/productimages/9/9522049.jpg
Fromager D'Affinois St Angel Triple Cream | approx 100g, $7.50, $75.00 per 1kg, https://productimages.coles.com.au/productimages/3/3924287.jpg
Don Crafted Cuts Streaky Bacon | 180g, $5.80, $32.22 per 1kg, https://productimages.coles.com.au/productimages/4/4258690.jpg
Babylove Unisex Cosifit Crawler Nappy 6-11 Kg Size 3 | 40 pack, $18.00, $0.45 per 1ea, https://productimages.coles.com.au/productimages/3/3595753.jpg
Coles Marinated Whole Button Mushrooms With Rosemary | 110g, $5.00, $4.55 per 100g, https://productimages.coles.com.au/productimages/3/3605380.jpg
King Island Dairy Smoked Cheddar Cheese | approx200g, $11.40, $57.00 per 1kg, https://productimages.coles.com.au/productimages/2/2700080.jpg
Rascal + Friends Nappy Pants Size 4 Toddler | 29 pack, $16.50, $0.57 per 1ea, https://productimages.coles.com.au/productimages/3/3445943.jpg
Sprite Zero Sugar Lemonade Soft Drink Bottle | 2L, $3.00, $1.50 per 1L, https://productimages.coles.com.au/productimages/4/4397960.jpg
Moira Mac's Snackers Buffalo Mini Chicken Kebabs | 90g, $4.40, $48.89 per 1kg, https://productimages.coles.com.au/productimages/4/4506250.jpg
Monster Energy Ultra Can | 500mL, $3.70, $7.40 per 1L, https://productimages.coles.com.au/productimages/2/2787147.jpg
Udder Delights Heysen Blue Vein Wheel | approx 100g, $5.75, $57.50 per 1kg, https://productimages.coles.com.au/productimages/3/3089714.jpg
Babylove Unisex Cosifit Walker Nappy 12-17 Kg Size 5 | 28 pack, $18.00, $0.64 per 1ea, https://productimages.coles.com.au/productimages/3/3595651.jpg
D'Orsogna Cacciatora Mild | 225g, $5.90, $26.22 per 1kg, https://productimages.coles.com.au/productimages/3/3110752.jpg
Rafferty's Garden Banana Milk Teething Rusks Baby Food 6+ Months | 100g, $4.00, $4.00 per 100g, https://productimages.coles.com.au/productimages/7/7572080.jpg
Coles Finest Quince Paste | 100g, $3.15, $3.15 per 100g, https://productimages.coles.com.au/productimages/3/3609315.jpg
Coles Chicken & Mayo Herb Mix | 220g, $5.50, $25.00 per 1kg, https://productimages.coles.com.au/productimages/6/6278338.jpg
Provedore Bresaola Italian Style | 80g, $6.50, $81.25 per 1kg, https://productimages.coles.com.au/productimages/3/3884670.jpg
Maggie Beer Duck & Orange Pate | 120g, $7.30, $6.08 per 100g, https://productimages.coles.com.au/productimages/3/3116056.jpg
Sprite Lemonade Soft Drink 10x375mL | 10 pack, $8.75, $2.33 per 1L, https://productimages.coles.com.au/productimages/1/1849329.jpg
Coles Pork Pancetta | 100g, $7.00, $70.00 per 1kg, https://productimages.coles.com.au/productimages/3/3269192.jpg
Hedys Quiche Roast Pumpkin & Fetta | 1.1kg, $14.50, $1.32 per 100g, https://productimages.coles.com.au/productimages/5/5634787.jpg
Coles Finest British Oak Smoked Cheddar | approx 200g, $7.50, $37.50 per 1kg, https://productimages.coles.com.au/productimages/3/3892599.jpg
Gatorade Berry No Sugar Sport Drink | 600mL, $2.30, $3.83 per 1L, https://productimages.coles.com.au/productimages/3/3989533.jpg
Ivans Family Chick Mush Leek Pie 900g | 900g, $17.00, $1.89 per 100g, https://productimages.coles.com.au/productimages/3/3014205.jpg
Don Mild Salami & Cheese Stix | 40g, $3.00, $75.00 per 1kg, https://productimages.coles.com.au/productimages/5/5006026.jpg
Coles Split Green Olives | approx 100g, $2.50, $25.00 per 1kg, https://productimages.coles.com.au/productimages/3/3067008.jpg
Provedore Free Range Sopressa Sleeved | 80g, $6.50, $81.25 per 1kg, https://productimages.coles.com.au/productimages/4/4992147.jpg
Don Crafted Cuts Double Smoked Pansize Bacon | 200g, $5.80, $29.00 per 1kg, https://productimages.coles.com.au/productimages/4/4258180.jpg
Coca-Cola Vanilla Soft Drink Bottle | 600mL, $3.20, $5.33 per 1L, https://productimages.coles.com.au/productimages/9/9391654.jpg
Princi Mild Hungarian Salami | 100g, $6.00, $60.00 per 1kg, https://productimages.coles.com.au/productimages/3/3910170.jpg
Vitasoy Oat Milky | 1L, $3.00, $3.00 per 1L, https://productimages.coles.com.au/productimages/4/4950894.jpg
Provedore Mild Chorizo Salami | 100g, $6.00, $60.00 per 1kg, https://productimages.coles.com.au/productimages/3/3881570.jpg
Don Alvaraz Manchego | approx 100g, $6.64, $66.40 per 1kg, https://productimages.coles.com.au/productimages/3/3052907.jpg
Coles Deli Thawed Prawn Skewers Garlic | 5 pack, $9.50, $1.90 per 1ea, https://productimages.coles.com.au/productimages/2/2984104.jpg
Udder Delights Brie | approx100g, $4.60, $46.00 per 1kg, https://productimages.coles.com.au/productimages/3/3089678.jpg
OB Finest Quince Fruit Paste | 100g, $5.00, $5.00 per 100g, https://productimages.coles.com.au/productimages/2/2792431.jpg
Coles Drinking Chocolate | 400g, $3.00, $0.75 per 100g, https://productimages.coles.com.au/productimages/3/3160150.jpg
Coles Deli Castello Blue Cheese | approx130g, $7.80, $60.00 per 1kg, https://productimages.coles.com.au/productimages/8/8288300.jpg
Lipton Ice Drink Tea Peach No Sugar | 500mL, $2.85, $5.70 per 1L, https://productimages.coles.com.au/productimages/5/5171317.jpg
Thomson's Deli Pepperoni Salami | 200g, $5.00, $25.00 per 1kg, https://productimages.coles.com.au/productimages/3/3269261.jpg
Lipton Mango Ice Tea | 1.5L, $4.90, $3.27 per 1L, https://productimages.coles.com.au/productimages/6/6344487.jpg
Barber's English Cheddar | approx 100g, $3.92, $39.20 per 1kg, https://productimages.coles.com.au/productimages/3/3052770.jpg
Sprite Zero Sugar Lemonade Soft Drink Bottle  | 600mL, $3.20, $5.33 per 1L, https://productimages.coles.com.au/productimages/4/4378444.jpg
La Casa Del Formaggio Mozzarella Balls | 450g, $8.30, $18.44 per 1kg, https://productimages.coles.com.au/productimages/8/8981379.jpg
Don Mild Hungarian Salami | 200g, $8.50, $4.25 per 100g, https://productimages.coles.com.au/productimages/4/4253314.jpg
Primo Thin Frankfurts | 1 kg, $7.40, $7.40 per 1kg, https://productimages.coles.com.au/productimages/4/4510009.jpg
Coles Deli Ham Hock | approx 600g, $7.20, $12.00 per 1kg, https://productimages.coles.com.au/productimages/1/1848290.jpg
Coca-Cola Diet Coke Soft Drink 24x375mL | 24 pack, $33.35, $3.71 per 1L, https://productimages.coles.com.au/productimages/4/4561203.jpg
H2 Coco 100% Natural Coconut Water | 2L, $6.00, $3.00 per 1L, https://productimages.coles.com.au/productimages/3/3058313.jpg
Mount Franklin Spring Water Bottle | 1L, $2.35, $2.35 per 1L, https://productimages.coles.com.au/productimages/8/8959405.jpg
Musashi Energy Drink Blue Raspberry | 500mL, $3.00, $6.00 per 1L, https://productimages.coles.com.au/productimages/4/4444006.jpg
Golden Circle Fruit Drink Pineapple And Orange | 1L, $2.60, $2.60 per 1L, https://productimages.coles.com.au/productimages/2/280097.jpg
Coles No Sugar Soft Drink Lemonade | 2L, $1.10, $0.55 per 1L, https://productimages.coles.com.au/productimages/5/5235329.jpg
Schweppes Infused Lime Mineral Water | 1.1L, $2.60, $2.36 per 1L, https://productimages.coles.com.au/productimages/3/3014872.jpg
Starbucks By Nespresso House Blend Lungo Capsules | 10 pack, $5.90, $0.59 per 1ea, https://productimages.coles.com.au/productimages/3/3613050.jpg
Ribena Blackcurrant Juice Syrup | 1L, $7.00, $7.00 per 1L, https://productimages.coles.com.au/productimages/1/164336.jpg
Grapetiser Sparkling Red Grape Juice Bottle | 750mL, $2.32, $3.09 per 1L, https://productimages.coles.com.au/productimages/5/5196566.jpg
Golden Circle Summer Berries Fruit Drink LunchBox Multipack Poppers 6x250mL | 6 pack, $4.40, $2.93 per 1L, https://productimages.coles.com.au/productimages/2/2044561.jpg
Pureau Ultra Pure Water | 10L, $9.60, $0.96 per 1L, https://productimages.coles.com.au/productimages/7/7611636.jpg
Victoria Bitter Can 375mL | 24 Pack, $55.00, $0.61 per 100mL, https://productimages.coles.com.au/productimages/1/10016.jpg
Ocean Spray Low Sugar Cranberry Drink | 1.5L, $6.25, $4.17 per 1L, https://productimages.coles.com.au/productimages/2/2521026.jpg
Australia's Own Unsweetened Organic Almond Milk | 1L, $3.10, $3.10 per 1L, https://productimages.coles.com.au/productimages/2/2412370.jpg
Waterfords Sparkling Lite & Fruity Apple Berry | 1L, $1.35, $1.35 per 1L, https://productimages.coles.com.au/productimages/3/3047758.jpg
Waterfords Sparkling Lite & Fruity Lemon Lime Bitter | 1L, $1.35, $1.35 per 1L, https://productimages.coles.com.au/productimages/3/3047769.jpg
Kirks Soft Drink Pasito Passionfruit | 1.25L, $2.35, $1.88 per 1L, https://productimages.coles.com.au/productimages/5/5399086.jpg
Twinings Live Well Sleep+ Herbal Tea Bags | 20 pack, $8.50, $0.43 per 1ea, https://productimages.coles.com.au/productimages/4/4984568.jpg
Hardys Tintara Mclaren Vale Shiraz 750mL | 1 Each, $30.00, $40.00 per 1L, https://productimages.coles.com.au/productimages/1/1018599.jpg
Mildura Sunrise Orange And Mango Fruit Drink | 3L, $5.00, $1.67 per 1L, https://productimages.coles.com.au/productimages/1/1418178.jpg
Coles Apple & Blackcurrant Fruit Drink Multipack 250mL | 6 Pack, $2.50, $1.67 per 1L, https://productimages.coles.com.au/productimages/2/2535563.jpg
Banrock Station Moscato 750mL | 1 Each, $9.00, $12.00 per 1L, https://productimages.coles.com.au/productimages/8/8297162.jpg
Golden Circle Orange Fruit Drink LunchBox Multipack Poppers 6x250mL | 6 pack, $4.40, $2.93 per 1L, https://productimages.coles.com.au/productimages/3/384365.jpg
Waterfords Sparkling Lite & Fruity Tahitian Lime | 1L, $1.35, $1.35 per 1L, https://productimages.coles.com.au/productimages/3/3047780.jpg
Coles Mixer Diet Dry Ginger Ale | 1.25L, $0.90, $0.72 per 1L, https://productimages.coles.com.au/productimages/5/5180486.jpg
Coca-Cola Diet Coke Soft Drink Can | 250mL, $1.80, $7.20 per 1L, https://productimages.coles.com.au/productimages/2/2034127.jpg
Frantelle The Day Tripper Spring Water | 1L, $1.60, $1.60 per 1L, https://productimages.coles.com.au/productimages/3/3050184.jpg
Moccona Cafe Classics Strong Cappuccino Sachets | 10 pack, $3.50, $0.35 per 1ea, https://productimages.coles.com.au/productimages/4/4405649.jpg
Two Towns Adelaide Hills Pinot Gris 750mL | 1 Each, $22.00, $29.33 per 1L, https://productimages.coles.com.au/productimages/3/3307780.jpg
Nudie Apples Oranges & Mangoes Juice Chilled | 2L, $8.00, $4.00 per 1L, https://productimages.coles.com.au/productimages/1/1423101.jpg
Evans & Tate Classic Margaret River Sem Sauv Blan 750mL | 1 Each, $16.00, $21.33 per 1L, https://productimages.coles.com.au/productimages/8/8232735.jpg
Yarra Burn YB Prosecco 750mL | 1 Each, $7.00, $9.33 per 1L, https://productimages.coles.com.au/productimages/2/2540483.jpg
Vitasoy Soy Milky Regular Long Life Milk 1L | 1L, $2.45, $2.45 per 1L, https://productimages.coles.com.au/productimages/5/5231292.jpg
Pop Tops Apple Fruit Drink Multipack 250mL | 6 pack, $5.00, $3.33 per 1L, https://productimages.coles.com.au/productimages/6/6914188.jpg
Pure Blonde Bottle 355mL | 6 Pack, $19.00, $8.92 per 1L, https://productimages.coles.com.au/productimages/4/4296780.jpg
Gatorade No Sugar Orange | 600mL, $2.30, $3.83 per 1L, https://productimages.coles.com.au/productimages/4/4313722.jpg
Coles Tri Colour Capsicum | 500g, $7.50, $15.00 per 1kg, https://productimages.coles.com.au/productimages/4/4841072.jpg
Rokeby Farms Protein Smoothie Vanilla Wafer | 425mL, $3.50, $8.24 per 1L, https://productimages.coles.com.au/productimages/6/6248519.jpg
Pureharvest Organic Malt Free Long Life Soy Drink | 1L, $2.00, $2.00 per 1L, https://productimages.coles.com.au/productimages/9/9553971.jpg
Somersby Pear Cider Can 375mL | 10 Pack, $22.00, $5.87 per 1L, https://productimages.coles.com.au/productimages/1/1263049.jpg
Taylors Estate Shiraz 750mL | 1 Each, $16.00, $21.33 per 1L, https://productimages.coles.com.au/productimages/8/8227393.jpg
Lindemans Early Harvest Semillon Sauv Blanc 750mL | 1 Each, $13.00, $17.33 per 1L, https://productimages.coles.com.au/productimages/8/8271883.jpg
4 Pines Brewing Hazy Pale Ale Can 375mL | 4 Pack, $19.00, $12.67 per 1L, https://productimages.coles.com.au/productimages/4/4712626.jpg
Maximus Sports Drink Passionfruit | 1 L, $2.50, $2.50 per 1L, https://productimages.coles.com.au/productimages/5/5172433.jpg
Coles Kitchen Superfood Slaw Mix | 350g, $4.00, $11.43 per 1kg, https://productimages.coles.com.au/productimages/3/3016120.jpg
Mercury Hard Cider Blackcurrant Can 375mL | 6 Pack, $19.00, $8.44 per 1L, https://productimages.coles.com.au/productimages/5/5456204.jpg
Squealing Pig Pinot Noir Rose 750mL | 1 Each, $20.00, $26.67 per 1L, https://productimages.coles.com.au/productimages/2/2599883.jpg
Coles Sleeved Herbs Parsley | 1 each, $3.20, $3.20 per 1ea, https://productimages.coles.com.au/productimages/4/4575569.jpg
Penfolds Koonunga Hill Cabernet Sauvignon Bvs 750mL | 1 Each, $14.00, $18.67 per 1L, https://productimages.coles.com.au/productimages/8/8271635.jpg
Coles Mini Vine Capsicums | 175g, $5.50, $31.43 per 1kg, https://productimages.coles.com.au/productimages/7/7296299.jpg
Monster Ultra Fiesta Mango Flavour Energy Drink Can | 500mL, $3.70, $7.40 per 1L, https://productimages.coles.com.au/productimages/4/4402516.jpg
Hammer N Tongs Gold Block Can 330mL | 30 Pack, $36.00, $0.36 per 100mL, https://productimages.coles.com.au/productimages/2/2351968.jpg
Monkey Shoulder Blended Malt Scotch 700mL | 1 Each, $59.00, $84.29 per 1L, https://productimages.coles.com.au/productimages/8/8339502.jpg
Coles Pomegranate | 1 each, $5.50, $5.50 per 1ea, https://productimages.coles.com.au/productimages/4/4519320.jpg
Lindemans Bin 45 Cabernet Sauvignon 750mL | 1 Each, $8.00, $10.67 per 1L, https://productimages.coles.com.au/productimages/8/8226721.jpg
Coles Brown Mushrooms Loose | approx 200g, $3.38, $16.90 per 1kg, https://productimages.coles.com.au/productimages/4/4590551.jpg
Coles Kestrel Potatoes Prepacked | 2kg, $6.00, $3.00 per 1kg, https://productimages.coles.com.au/productimages/2/2743866.jpg
Coles Herb Punnets Mint | 15g, $3.20, $2.13 per 10g, https://productimages.coles.com.au/productimages/3/3214725.jpg
Tangled Vine Chardonnay Cask 4 Litre | 1 Each, $14.00, $14.00 per each, https://productimages.coles.com.au/productimages/1/1832337.jpg
Tangled Vine Cabernet Merlot Cask 4 Litre | 1 Each, $14.00, $3.50 per 1L, https://productimages.coles.com.au/productimages/1/1832326.jpg
Wild Turkey & Cola Can 375mL | 4 Pack, $24.00, $1.60 per 100mL, https://productimages.coles.com.au/productimages/9/927468.jpg
Coles Chilli & Lime Soy Crisps | approx 100g, $1.80, $18.00 per 1kg, https://productimages.coles.com.au/productimages/8/8704110.jpg
Two Towns Barossa Shiraz 750mL | 1 Each, $22.00, $2.93 per 100mL, https://productimages.coles.com.au/productimages/3/3307779.jpg
Coles Kitchen Asian Style Salad Bowl | 230g, $5.50, $23.91 per 1kg, https://productimages.coles.com.au/productimages/2/2786585.jpg
Coles Organic Bananas | approx180g, $1.17, $6.50 per 1kg, https://productimages.coles.com.au/productimages/1/1039770.jpg
Tooheys Extra Dry Bottle 345mL | 6 Pack, $15.00, $7.25 per 1L, https://productimages.coles.com.au/productimages/8/88602.jpg
Bacardi Superior Rum 700mL | 1 Each, $47.00, $67.14 per 1L, https://productimages.coles.com.au/productimages/8/8328379.jpg
Kirks Soft Drink Sugar Free Lemonade Sugar Free | 1.25L, $2.35, $1.88 per 1L, https://productimages.coles.com.au/productimages/6/6111376.jpg
Portone Pinot Grigio 750mL | 1 Each, currently unavailable, currently unavailable per each, https://productimages.coles.com.au/productimages/8/8286370.jpg
Coles Limes Medium 5 pack | 1 each, currently unavailable, currently unavailable per each, https://productimages.coles.com.au/productimages/8/8128020.jpg
The Stubborn Few Shiraz Cask 2 Litre | 1 Each, $9.00, $0.08 per 100mL, https://productimages.coles.com.au/productimages/2/2797162.jpg
Schweppes Dry Ginger Ale Mixers 4X300Ml | 4 pack, $4.50, $3.75 per 1L, https://productimages.coles.com.au/productimages/7/7364650.jpg
XXXX Gold Bottle 375mL | 6 Pack, $15.00, $6.67 per 1L, https://productimages.coles.com.au/productimages/2/216685.jpg
Penfolds Koonunga Hill Shiraz Cabernet 750mL | 1 Each, $14.00, $18.67 per 1L, https://productimages.coles.com.au/productimages/8/8242320.jpg
Coles Fennel | 1 bunch, $3.50, $3.50 per 1ea, https://productimages.coles.com.au/productimages/4/4910980.jpg
Coles Kitchen Caesar Salad Kit | 290g, $5.50, $18.97 per 1kg, https://productimages.coles.com.au/productimages/5/5515278.jpg
Coles Spinach Bunch | 1 each, $4.90, $4.90 per 1ea, https://productimages.coles.com.au/productimages/4/4981027.jpg
Coles Piqa Boo Pears | approx 180g, $1.42, $7.90 per 1kg, https://productimages.coles.com.au/productimages/3/3525725.jpg
Schweppes Tonic Water Mixers 4X300Ml | 4 pack, $4.50, $3.75 per 1L, https://productimages.coles.com.au/productimages/7/7351976.jpg
Tangled Vine Crisp Dry White Cask 4Litre | 1 Each, $14.00, $3.50 per 1L, https://productimages.coles.com.au/productimages/5/5340301.jpg
Coles Roasted & Salted Pistachios | 400g, $11.00, $27.50 per 1kg, https://productimages.coles.com.au/productimages/2/2131611.jpg
Crown Lager Bottle 375mL | 24 Pack, $58.00, $0.64 per 100mL, https://productimages.coles.com.au/productimages/3/36191.jpg
Coles Kitchen Pasta Salad | 250g, $3.50, $14.00 per 1kg, https://productimages.coles.com.au/productimages/3/3016299.jpg
Canadian Club Dry 4.8% Bottle 330mL | 4 Pack, $21.00, $1.59 per 100mL, https://productimages.coles.com.au/productimages/6/6373372.jpg
Coopers Original Pale Ale Bottle 375mL | 6 Pack, $20.00, $0.89 per 100mL, https://productimages.coles.com.au/productimages/6/63029.jpg
Barton & Guestier AOC Rose d'Anjou 750mL | 1 Each, $12.00, $16.00 per 1L, https://productimages.coles.com.au/productimages/3/3253170.jpg
Coles Giant Sour Cola Bottles | approx 100g, $2.50, $25.00 per 1kg, https://productimages.coles.com.au/productimages/3/3769876.jpg
Oyster Bay Chardonnay 750mL | 1 Each, $22.00, $29.33 per 1L, https://productimages.coles.com.au/productimages/8/8258524.jpg
Atiru East Coast Pinot Gris 750mL | 1 Each, $12.00, $16.00 per 1L, https://productimages.coles.com.au/productimages/3/3937595.jpg
Brookvale Union Vodka Lemon Squash Can 330mL | 4 Pack, $24.00, $18.18 per 1L, https://productimages.coles.com.au/productimages/5/5568300.jpg
Coles Organic Carrots Prepacked | 1kg, $5.90, $5.90 per 1kg, https://productimages.coles.com.au/productimages/5/5016904.jpg
Zilzie Estate Shiraz 750mL | 1 Each, $7.00, $9.33 per 1L, https://productimages.coles.com.au/productimages/8/8311230.jpg
Yering Station Little Yering Pinot Noir 750mL | 1 Each, $18.00, $24.00 per 1L, https://productimages.coles.com.au/productimages/8/8665619.jpg
Coles Chilli Fried Rice Crackers | approx 100g, $1.80, $18.00 per 1kg, https://productimages.coles.com.au/productimages/8/8725007.jpg
Carlton Draught Bottle 375mL | 6 Pack, $19.00, $0.84 per 100mL, https://productimages.coles.com.au/productimages/7/75787.jpg
Coles Vegetable Starter Pack | 1kg, $5.00, $5.00 per 1kg, https://productimages.coles.com.au/productimages/5/5108751.jpg
Banrock Station Sauvignon Blanc Cask 2 Litre | 1 Each, $12.00, $6.00 per 1L, https://productimages.coles.com.au/productimages/5/5929168.jpg
Coles Brown Mushrooms Prepacked | 200g, $5.50, $27.50 per 1kg, https://productimages.coles.com.au/productimages/4/4829703.jpg
Coles Natural Almonds | approx 100g, $2.20, $22.00 per 1kg, https://productimages.coles.com.au/productimages/8/8417184.jpg
Yoplait Mango Yoghurt | 1kg, $4.50, $0.45 per 100g, https://productimages.coles.com.au/productimages/5/5892512.jpg
Coles Panama Passionfruit | 1 each, $1.50, $1.50 per 1ea, https://productimages.coles.com.au/productimages/5/5415852.jpg
Coles Pitted Medjool Date | 340g, $9.00, $26.47 per 1kg, https://productimages.coles.com.au/productimages/3/3116147.jpg
Coles Dutch Carrots | 1 each, $3.00, $3.00 per 1ea, https://productimages.coles.com.au/productimages/4/4924034.jpg
Coles Birdseye Chillies | 40g, $3.80, $95.00 per 1kg, https://productimages.coles.com.au/productimages/3/3938860.jpg
Band-Aid Tough Strips | 40 pack, $4.80, $0.12 per 1ea, https://productimages.coles.com.au/productimages/6/6094594.jpg
Farmhouse  Gold Organic Milk | 1.5L, $5.80, $3.87 per 1L, https://productimages.coles.com.au/productimages/3/3187633.jpg
Coles Kitchen Family Coleslaw Kit | 520g, $4.50, $8.65 per 1kg, https://productimages.coles.com.au/productimages/3/3615657.jpg
Coles Salad Blend Iceberg & Cos | 500g, $5.00, $10.00 per 1kg, https://productimages.coles.com.au/productimages/5/5519519.jpg
Chobani Fit Strawberry Yoghurt Pot | 170g, $2.70, $1.59 per 100g, https://productimages.coles.com.au/productimages/3/3246743.jpg
Coles Exotic Shiitake Mushrooms Prepacked | 100g, $5.50, $55.00 per 1kg, https://productimages.coles.com.au/productimages/5/5431305.jpg
Coles Black Seedless Grapes | 400g, $3.50, $8.75 per 1kg, https://productimages.coles.com.au/productimages/3/3993370.jpg
Coles Pro-B  Milk Drink Fermented | 305mL, $3.35, $10.98 per 1L, https://productimages.coles.com.au/productimages/8/8870550.jpg
Coles Roasted Salted Almonds | approx 100g, $2.20, $22.00 per 1kg, https://productimages.coles.com.au/productimages/8/8413219.jpg
Yoplait Berry Punnet Yoghurt 6x160g | 960g, $6.00, $0.63 per 100g, https://productimages.coles.com.au/productimages/3/3619567.jpg
Coles Dairy Avocado Dip | 200g, $2.50, $1.25 per 100g, https://productimages.coles.com.au/productimages/6/6530710.jpg
Coles Kitchen Egg & Mayo Sandwich | 127g, $4.30, $3.39 per 100g, https://productimages.coles.com.au/productimages/5/5627453.jpg
Mainland Butter Soft Salt Reduced Spreadable Butter | 375g, $7.50, $2.00 per 100g, https://productimages.coles.com.au/productimages/6/6854745.jpg
Vaalia Kids Vanilla Yoghurt Pouch | 140g, $2.40, $1.71 per 100g, https://productimages.coles.com.au/productimages/7/7246869.jpg
Coles Kitchen Australian Diced Butternut Pumpkin | 500g, $5.00, $10.00 per 1kg, https://productimages.coles.com.au/productimages/2/2859066.jpg
Coles Australian Shredded Pizza | 250g, $5.00, $20.00 per 1kg, https://productimages.coles.com.au/productimages/1/1413312.jpg
Coles Organic Full Cream Milk | 1L, currently unavailable, currently unavailable per each, https://productimages.coles.com.au/productimages/3/3227159.jpg
Coles Dutch Cream Brushed Potatoes Loose | approx 200g, $0.98, $4.90 per 1kg, https://productimages.coles.com.au/productimages/7/7141758.jpg
Dairy Farmers Thick & Creamy Yoghurt Strawberry | 440g, $4.40, $1.00 per 100g, https://productimages.coles.com.au/productimages/4/4339577.jpg
Coles Medjool Dates loose | approx 200g, $4.40, $22.00 per 1kg, https://productimages.coles.com.au/productimages/1/134255.jpg
Coles Red Seedless Grapes | 400g, $4.00, $10.00 per 1kg, https://productimages.coles.com.au/productimages/3/3993097.jpg
Coles Dairy Yoghurt Vanilla | 1kg, $4.00, $0.40 per 100g, https://productimages.coles.com.au/productimages/9/9554500.jpg
Divine Classic Crème Caramel Dessert 2 pack | 150g, $3.20, $1.07 per 100g, https://productimages.coles.com.au/productimages/2/242917.jpg
Coles Cheesey Peelers 8x20g | 160g, $4.80, $30.00 per 1kg, https://productimages.coles.com.au/productimages/1/1922713.jpg
Coles Sliced Brown Mushrooms Prepacked | 200g, $5.90, $29.50 per 1kg, https://productimages.coles.com.au/productimages/6/6467068.jpg
Dove Beauty Bar Regular | 4 pack, $7.50, $1.88 per 1ea, https://productimages.coles.com.au/productimages/5/5259393.jpg
Vitasoy Dairy Soy Light Calcium Plus | 1L, $2.50, $2.50 per 1L, https://productimages.coles.com.au/productimages/9/9067496.jpg
Activia Low Fat Field Berries Yoghurt 4x125g | 500g, $4.00, $0.80 per 100g, https://productimages.coles.com.au/productimages/8/8169435.jpg
Coles Gold Sweet Potatoes | 1kg, $4.50, $4.50 per 1kg, https://productimages.coles.com.au/productimages/4/4291131.jpg
Oak Chocolate Flavoured Milk | 750mL, $4.50, $6.00 per 1L, https://productimages.coles.com.au/productimages/1/1017767.jpg
Listerine Teeth Defence Antibacterial Mouthwash | 1L, $17.00, $1.70 per 100mL, https://productimages.coles.com.au/productimages/9/9713987.jpg
Panadol Paracetamol Liquid Capsules | 20 pack, $5.20, $0.26 per 1ea, https://productimages.coles.com.au/productimages/4/4957124.jpg
Sanofi Shave Cream - Moisturising Shaving Cream | 75g, $2.65, $3.53 per 100g, https://productimages.coles.com.au/productimages/1/173086.jpg
Sunny Queen Organic Eggs 12 pack | 700g, $11.50, $1.64 per 100g, https://productimages.coles.com.au/productimages/4/4228838.jpg
Nivea Men Deep Aerosol Antiperspirant Deodorant | 250mL, $8.50, $3.40 per 100mL, https://productimages.coles.com.au/productimages/3/3234347.jpg
Western Star Unsalted Butter | 250g, $3.80, $1.52 per 100g, https://productimages.coles.com.au/productimages/7/7739731.jpg
Coles Liners Regular | 30pack, $1.65, $0.06 per 1ea, https://productimages.coles.com.au/productimages/3/3706559.jpg
Coles Kitchen Broccoli & Cauliflower Florets | 150g, $2.00, $13.33 per 1kg, https://productimages.coles.com.au/productimages/2/2310111.jpg
Activia Low Fat Mango Yoghurt 4x125g | 500g, $4.00, $0.80 per 100g, https://productimages.coles.com.au/productimages/8/8872089.jpg
Oral-B Essential Waxed Dental Floss | 2x50m, $7.00, $0.07 per 1M, https://productimages.coles.com.au/productimages/9/9126507.jpg
Dairy Farmers Thick & Creamy Yoghurt Mango Passionfruit | 440g, $4.40, $1.00 per 100g, https://productimages.coles.com.au/productimages/4/4339588.jpg
Sunny Queen Organic Free Range Large Eggs 6 pack | 300g, $6.50, $2.17 per 100g, https://productimages.coles.com.au/productimages/8/8460354.jpg
Coles Natural Cashews | approx 100g, $2.40, $24.00 per 1kg, https://productimages.coles.com.au/productimages/8/8412431.jpg
Coles Kitchen Creme Royale Potato Mash | 350g, $4.75, $13.57 per 1kg, https://productimages.coles.com.au/productimages/2/2679519.jpg
Flora Margarine Spread Original | 1kg, $8.95, $0.90 per 100g, https://productimages.coles.com.au/productimages/2/222363.jpg
Coles Baby Beetroot Prepacked | 250g, $3.00, $12.00 per 1kg, https://productimages.coles.com.au/productimages/3/3256849.jpg
Coles Fruit & Nut Trail Mix | 400g, $4.00, $10.00 per 1kg, https://productimages.coles.com.au/productimages/5/5476234.jpg
Colgate Sensitive Pro Relief Repair & Prevent Toothpaste | 110g, $11.00, $10.00 per 100g, https://productimages.coles.com.au/productimages/2/2871163.jpg
Pauls Physical High Calcium Reduced Fat Milk Carton | 1L, $3.60, $3.60 per 1L, https://productimages.coles.com.au/productimages/3/368584.jpg
Colgate Blue Minty Gel Toothpaste | 165g, $3.50, $2.12 per 100g, https://productimages.coles.com.au/productimages/4/4505687.jpg
Chobani Fit Blueberry Yoghurt Pot | 170g, $2.70, $1.59 per 100g, https://productimages.coles.com.au/productimages/3/3246776.jpg
Coles Tuscan Kale | 1 each, $4.50, $4.50 per 1ea, https://productimages.coles.com.au/productimages/6/6584243.jpg
Danone Yopro Perform Yoghurt Peach | 175g, $3.70, $2.11 per 100g, https://productimages.coles.com.au/productimages/4/4935019.jpg
Coles Dried Apricots | 400g, $6.00, $15.00 per 1kg, https://productimages.coles.com.au/productimages/2/2149231.jpg
Big M Banana Flavoured Milk | 600mL, $3.40, $5.67 per 1L, https://productimages.coles.com.au/productimages/3/3034279.jpg
Nivea Men Invisible Black And White Power Aerosol Antiperspirant Deodorant | 250mL, $8.50, $3.40 per 100mL, https://productimages.coles.com.au/productimages/1/1184598.jpg
Oak Chocolate Flavoured Milk | 600mL, $2.80, $4.67 per 1L, https://productimages.coles.com.au/productimages/1/13079.jpg
Coles Tasty Cheese & Crackers 4 Pack | 120g, $4.60, $3.83 per 100g, https://productimages.coles.com.au/productimages/2/2989028.jpg
Coles Soy Crisps | approx 100g, $1.80, $18.00 per 1kg, https://productimages.coles.com.au/productimages/8/8416829.jpg
Coles Kitchen Vegetables Baby Potatoes Herb Butter | 400g, $4.50, $11.25 per 1kg, https://productimages.coles.com.au/productimages/8/8164806.jpg
Pantene  Repair & Protect Shampoo | 375mL, $5.00, $1.33 per 100mL, https://productimages.coles.com.au/productimages/3/3723376.jpg
Palmolive Hand Wash Sea Minerals With Glycerin | 1L, $4.20, $0.42 per 100mL, https://productimages.coles.com.au/productimages/8/8167699.jpg
Nivea Rich Moisture Soft Shower Gel & Body Wash | 1L, $17.00, $1.70 per 100mL, https://productimages.coles.com.au/productimages/3/3227217.jpg
Coles Beef Ravioli Pasta | 600g, $5.00, $0.83 per 100g, https://productimages.coles.com.au/productimages/2/2716080.jpg
Skin Control Pimple Patch Everyday | 36 pack, $9.00, $0.25 per 1ea, https://productimages.coles.com.au/productimages/3/3731363.jpg
Nivea Creme Bar Soap | 200g, $4.50, $2.25 per 100g, https://productimages.coles.com.au/productimages/7/7601610.jpg
Codral Cold & Flu Tablets | 20 pack, $12.80, $0.64 per 1ea, https://productimages.coles.com.au/productimages/9/9013737.jpg
Vicks VapoDrops Butter Menthol Lozenges | 24 pack, $5.90, $0.25 per 1ea, https://productimages.coles.com.au/productimages/8/8155893.jpg
Colgate Mild Mint Gel Bluey Toothpaste | 90g, $3.00, $3.33 per 100g, https://productimages.coles.com.au/productimages/3/3991681.jpg
Coles Mint Dental Floss 50m | 1 each, $3.00, $3.00 per 1ea, https://productimages.coles.com.au/productimages/2/2606640.jpg
Pantene Pro-V Ultimate 10 Conditioner | 900mL, $10.00, $1.11 per 100mL, https://productimages.coles.com.au/productimages/2/2290411.jpg
Chobani Strawberry Yoghurt Pouch | 140g, $2.00, $1.43 per 100g, https://productimages.coles.com.au/productimages/1/1434684.jpg
Dove Glowing Mango Body wash | 1L, $8.50, $0.85 per 100mL, https://productimages.coles.com.au/productimages/3/3849909.jpg
Coles Toothbrush Junior | 1 pack, $1.75, $1.75 per 1ea, https://productimages.coles.com.au/productimages/5/5913372.jpg
Palmolive Raspberry Heavenly Hands Foaming Hand Wash | 250mL, $3.20, $1.28 per 100mL, https://productimages.coles.com.au/productimages/9/9216348.jpg
Gillette Venus Comfort Glide White Tea Disposable Razors | 2 pack, $7.00, $3.50 per 1ea, https://productimages.coles.com.au/productimages/7/7124646.jpg
Bega Easy Melt Colby Slices | 250g, $7.00, $28.00 per 1kg, https://productimages.coles.com.au/productimages/1/1446286.jpg
Activia Low Fat Vanilla Yoghurt 4x125g | 500g, $4.00, $0.80 per 100g, https://productimages.coles.com.au/productimages/8/8169355.jpg
Libra Night Pants Medium | 2 pack, $3.08, $1.54 per 1ea, https://productimages.coles.com.au/productimages/3/3760180.jpg
Palmolive Naturals Moroccan Argan Oil Conditioning Body Wash | 500mL, $3.90, $0.78 per 100mL, https://productimages.coles.com.au/productimages/3/3509693.jpg
Colgate Advanced Whitening & Tartar Toothpaste | 115g, $3.25, $2.83 per 100g, https://productimages.coles.com.au/productimages/4/4842406.jpg
Norsca Forest Fresh Antiperspirant Roll On Deodorant | 50mL, $4.30, $8.60 per 100mL, https://productimages.coles.com.au/productimages/5/5171044.jpg
Sensodyne Complete Care Toothpaste Cool Mint | 100g, $8.61, $8.61 per 100g, https://productimages.coles.com.au/productimages/5/5919302.jpg
A2 No Fat Milk | 1L, $3.80, $3.80 per 1L, https://productimages.coles.com.au/productimages/3/3070829.jpg
Gillette Sensitive Skin Soothing Aloe Vera Shave Gel | 195g, $4.90, $2.51 per 100g, https://productimages.coles.com.au/productimages/4/4359698.jpg
Colgate Plax Fresh Mint Mouthwash | 500mL, $7.00, $1.40 per 100mL, https://productimages.coles.com.au/productimages/7/7305006.jpg
Oral B Gum Care & Intensive Clean Toothpaste | 110g, $10.00, $9.09 per 100g, https://productimages.coles.com.au/productimages/3/3978344.jpg
Palmolive Anti-Bacterial Foaming Lime & Mint Hand Wash | 250mL, $3.20, $1.28 per 100mL, https://productimages.coles.com.au/productimages/9/9216359.jpg
Coles Foaming Handwash Passionfruit | 1L, $3.50, $0.35 per 100mL, https://productimages.coles.com.au/productimages/5/5766336.jpg
Original Source Body Wash Creamy Vanilla & Raspberry Shower Gel | 250mL, $4.00, $1.60 per 100mL, https://productimages.coles.com.au/productimages/1/1303289.jpg
Pantene Pro-V Always Smooth & Sleek Shampoo | 900mL, $10.00, $1.11 per 100mL, https://productimages.coles.com.au/productimages/2/2290444.jpg
Nuttelex Olive Spread | 500g, $4.75, $0.95 per 100g, https://productimages.coles.com.au/productimages/5/5384679.jpg
Coles Assorted Shapes Medistrips | 50 pack, $2.70, $0.05 per 1ea, https://productimages.coles.com.au/productimages/4/4240607.jpg
Coles Indian Spiced Basmati Rice | 250g, $2.50, $1.00 per 100g, https://productimages.coles.com.au/productimages/3/3265329.jpg
Robitussin Cold & Chesty Cough Syrup | 200mL, $10.80, $5.40 per 100mL, https://productimages.coles.com.au/productimages/1/1484285.jpg
Street Margherita Pizza | 355g, $8.60, $2.42 per 100g, https://productimages.coles.com.au/productimages/3/3857714.jpg
Birds Eye Frozen Broccoli & Cauliflower Rice | 500g, $4.95, $9.90 per 1kg, https://productimages.coles.com.au/productimages/3/3475059.jpg
Head & Shoulders Shampoo Itchy Scalp | 660mL, $10.50, $1.59 per 100mL, https://productimages.coles.com.au/productimages/3/3980153.jpg
Mingle Seasoning BBQ Lovers | 50g, $4.00, $0.80 per 10g, https://productimages.coles.com.au/productimages/4/4293079.jpg
Straten Small Patterned Cups | 20 pack, $3.15, $0.16 per 1ea, https://productimages.coles.com.au/productimages/3/3993600.jpg
Golden Circle Raspberry Cordial | 2L, $3.90, $1.95 per 1L, https://productimages.coles.com.au/productimages/2/219267.jpg
McKenzie's French Style Black Lentils | 375g, $2.30, $0.61 per 100g, https://productimages.coles.com.au/productimages/6/6288116.jpg
Coles Tiramisu | 500g, $10.60, $2.12 per 100g, https://productimages.coles.com.au/productimages/4/4147689.jpg
Coles Kitchen Ultra Green Soup | 300g, $3.00, $1.00 per 100g, https://productimages.coles.com.au/productimages/4/4215825.jpg
Kellogg's Sultana Bran With Oat Clusters Breakfast Cereal | 480g, $6.30, $1.31 per 100g, https://productimages.coles.com.au/productimages/5/5103951.jpg
Coles Bakery Sponge Roll Mini Choc | 6 pack, $3.50, $0.58 per 1ea, https://productimages.coles.com.au/productimages/5/5057683.jpg
Red Tractor Collagen Granola Honey Cashew | 450g, $7.70, $1.71 per 100g, https://productimages.coles.com.au/productimages/5/5288493.jpg
Tic Tac Orange | 49g, $3.20, $6.53 per 100g, https://productimages.coles.com.au/productimages/3/3956206.jpg
Coles Bakery Crusty Entertainer Rolls | 10 pack, $3.50, $0.35 per 1ea, https://productimages.coles.com.au/productimages/6/6519730.jpg
Coles One Pot Beef Mexican | 500g, $11.00, $22.00 per 1kg, https://productimages.coles.com.au/productimages/3/3767247.jpg
Palmolive Pomegranate & Mango Shower Gel | 1L, $10.00, $1.00 per 100mL, https://productimages.coles.com.au/productimages/8/8180212.jpg
La Zuppa Pouch Tuscan Chicken & Vegetable Soup | 540g, $5.50, $1.02 per 100g, https://productimages.coles.com.au/productimages/1/1163317.jpg
Coles Medium Multicolour Plain Candles | 16 pack, $2.80, $0.18 per 1ea, https://productimages.coles.com.au/productimages/3/3987651.jpg
Coles Bakery Apricot Crown | 2 pack, $2.90, $1.45 per 1ea, https://productimages.coles.com.au/productimages/3/3617142.jpg
Tip Top The One Gluten Free White | 550g, $7.00, $1.27 per 100g, https://productimages.coles.com.au/productimages/4/4405660.jpg
Coles Bakery Mud Cake | 600g, $6.40, $1.07 per 100g, https://productimages.coles.com.au/productimages/7/7523211.jpg
Coles Bakery Stone Baked By Laurent Soybean & Linseed Sourdough Vienna | 1 each, $4.00, $4.00 per 1ea, https://productimages.coles.com.au/productimages/3/3498859.jpg
Mingle Seasoning Everything Bagel | 50g, $4.00, $0.80 per 10g, https://productimages.coles.com.au/productimages/5/5105800.jpg
Coles Bakery Butter Shortbread | 12 pack, $4.50, $0.38 per 1ea, https://productimages.coles.com.au/productimages/9/9600131.jpg
Coles Glitter Number Candle No 8 | 1 each, $1.40, $1.40 per 1ea, https://productimages.coles.com.au/productimages/3/3987582.jpg
Remedy Kombucha Orange Squeeze | 1.25L, $6.95, $5.56 per 1L, https://productimages.coles.com.au/productimages/5/5490870.jpg
Burgen Traditional Rye Bread | 700g, $5.90, $0.84 per 100g, https://productimages.coles.com.au/productimages/5/5249684.jpg
Helga's Gluten Free Traditional Wholemeal Bread  | 500g, $6.70, $1.34 per 100g, https://productimages.coles.com.au/productimages/3/3237957.jpg
Head & Shoulders Ultramen Shampoo 2 In 1 Old Spice | 750mL, $12.50, $1.67 per 100mL, https://productimages.coles.com.au/productimages/4/4454305.jpg
Hart & Soul All Natural Pho Soup With Konjac Pouch | 400g, $3.80, $0.95 per 100g, https://productimages.coles.com.au/productimages/3/3270704.jpg
Coles Blueberry Cheesecake | 450g, $9.00, $2.00 per 100g, https://productimages.coles.com.au/productimages/2/2877727.jpg
Nivea Men Silver Protect Antiperspirant Roll On Deodorant | 50mL, $3.69, $7.38 per 100mL, https://productimages.coles.com.au/productimages/6/6981710.jpg
Coles Thin & Crispy Medium Pizza Bases 2 Pack | 200g, $3.40, $1.70 per 100g, https://productimages.coles.com.au/productimages/1/1997177.jpg
Strepsils Sore Throat Sugar Free Antibacterial Lemon 36 Lozenges | 1 pack, $12.00, $12.00 per 1ea, https://productimages.coles.com.au/productimages/2/2372196.jpg
McKenzie's Ancient Grain Mix | 375g, $2.30, $0.61 per 100g, https://productimages.coles.com.au/productimages/6/6126271.jpg
Abe's Bagels 4 Pack | 360g, $5.50, $1.53 per 100g, https://productimages.coles.com.au/productimages/3/3576828.jpg
Queen Victoria Tea Calming Blend Tea Bags | 18 pack, $4.50, $0.25 per 1ea, https://productimages.coles.com.au/productimages/4/4971806.jpg
Nivea Men Sensitive Protect Antiperspirant Roll On Deodorant | 50mL, $3.69, $7.38 per 100mL, https://productimages.coles.com.au/productimages/2/2862093.jpg
Abe's Bagels Sesame Seed Bagels 4 Pack | 360g, $5.50, $1.53 per 100g, https://productimages.coles.com.au/productimages/2/2901989.jpg
Coles Bakery Jam Filled Berliner Donut | 2 pack, $3.75, $1.88 per 1ea, https://productimages.coles.com.au/productimages/2/2918868.jpg
Coles Bakery High Fibre Low Gi Soft Round Rolls | 4 pack, $3.50, $0.88 per 1ea, https://productimages.coles.com.au/productimages/2/2862016.jpg
Mr Kipling Lemon Bakewell | 225g, $6.50, $2.89 per 100g, https://productimages.coles.com.au/productimages/5/5016391.jpg
Cadbury Mini Rolls Chocolate 5pack | 115g, $6.00, $5.22 per 100g, https://productimages.coles.com.au/productimages/1/1967369.jpg
Coles Dreams Crumb True Red Velvet Cookies | 4 pack, $5.00, $1.25 per 1ea, https://productimages.coles.com.au/productimages/5/5486293.jpg
Mckenzies Five Bean Mix | 375g, $2.30, $0.61 per 100g, https://productimages.coles.com.au/productimages/4/4806978.jpg
Street Smokey BBQ Meatlovers Pizza | 385g, $8.60, $2.23 per 100g, https://productimages.coles.com.au/productimages/3/3857747.jpg
Coles Sugar Donuts | 12 pack, $3.50, $0.29 per 1ea, https://productimages.coles.com.au/productimages/8/8836960.jpg
Coles Glitter Number Candle No 4 | 1 each, $1.40, $1.40 per 1ea, https://productimages.coles.com.au/productimages/3/3987549.jpg
McKenzie's Italian Style Soup Mix | 375g, $2.30, $0.61 per 100g, https://productimages.coles.com.au/productimages/1/130072.jpg
Coles Gold Fish Food Flakes | 100g, $6.20, $6.20 per 100g, https://productimages.coles.com.au/productimages/7/7765458.jpg
Coles Bakery Stone Baked By Laurent Sourdough Baguette | 1 each, $4.00, $4.00 per 1ea, https://productimages.coles.com.au/productimages/3/3597930.jpg
Daley Street Dark Aluminium Nespresso Compatible Coffee Capsules | 10 pack, $3.25, $0.33 per 1ea, https://productimages.coles.com.au/productimages/3/3928630.jpg
Coles Rolls Hamburger | 6 pack, $3.70, $0.62 per 1ea, https://productimages.coles.com.au/productimages/5/5696751.jpg
Hart & Soul Cauliflower & Cashew Soup Pouch | 400g, $3.80, $0.95 per 100g, https://productimages.coles.com.au/productimages/3/3948150.jpg
La Espanola Extra Virgin Olive Oil | 500mL, $7.00, $1.40 per 100mL, https://productimages.coles.com.au/productimages/5/5833943.jpg
McKenzie's Chickpeas | 375g, $1.60, $0.43 per 100g, https://productimages.coles.com.au/productimages/4/405986.jpg
Coles Cheese Rolls | 4 pack, $4.50, $1.13 per 1ea, https://productimages.coles.com.au/productimages/6/6743278.jpg
Coles Reduced Sugar Banana Bread Slices | 500g, $6.50, $1.30 per 100g, https://productimages.coles.com.au/productimages/3/3910442.jpg
Sakata Lime & Chilli Rice Puffs Crackers | 72g, $3.80, $5.28 per 100g, https://productimages.coles.com.au/productimages/3/3629152.jpg
Darrell Lea Raspberry Twists Value Pack | 470g, $6.00, $1.28 per 100g, https://productimages.coles.com.au/productimages/5/5556570.jpg
Helga's Gluten Free White Bread Slices | 470g, $6.70, $1.43 per 100g, https://productimages.coles.com.au/productimages/3/3237913.jpg
Coles Glitter Candle Gold Or Silver No 3 | 1 each, $1.40, $1.40 per 1ea, https://productimages.coles.com.au/productimages/3/3987538.jpg
Coles Hedgehog Slices | 175g, $4.30, $2.46 per 100g, https://productimages.coles.com.au/productimages/1/1387154.jpg
Panadol Paracetamol Cold + Flu Plus Decongestant Caplets | 20 pack, $11.70, $0.59 per 1ea, https://productimages.coles.com.au/productimages/6/6935778.jpg
Coles I'M Free From 5 Seed Loaf | 500g, $5.70, $1.14 per 100g, https://productimages.coles.com.au/productimages/3/3216695.jpg
Moro Delicado Light Taste Olive Oil | 4L, $43.00, $1.08 per 100mL, https://productimages.coles.com.au/productimages/5/5150598.jpg
Burgen Wholemeal & Seeds Bread | 700g, $5.90, $0.84 per 100g, https://productimages.coles.com.au/productimages/5/5369358.jpg
Nivea Men Refreshing Face Wash + Aloe Vera | 150mL, $14.00, $9.33 per 100mL, https://productimages.coles.com.au/productimages/2/2862413.jpg
La Fournee Doree Pain Au Chocolat 8 Pack | 360g, $7.50, $2.08 per 100g, https://productimages.coles.com.au/productimages/4/4740213.jpg
Coles Happy Birthday Acrylic Cake Topper | 1 each, $4.65, $4.65 per 1ea, https://productimages.coles.com.au/productimages/3/3987276.jpg
Daley Street Dark Coffee Ground | 200g, $5.50, $2.75 per 100g, https://productimages.coles.com.au/productimages/3/3956170.jpg
Pacific West Japanese Gyoza | 700g, $10.00, $1.43 per 100g, https://productimages.coles.com.au/productimages/1/1549370.jpg
Cadbury Raspberry Mini Rolls 5 pack | 130g, $6.00, $4.62 per 100g, https://productimages.coles.com.au/productimages/2/2847726.jpg
MEB Greek Pita | 375g, $2.70, $0.72 per 100g, https://productimages.coles.com.au/productimages/6/6201413.jpg
Coles Foam Ear Plugs | 4 pack, $5.00, $1.25 per 1ea, https://productimages.coles.com.au/productimages/3/3540081.jpg
Cadbury Picnic Chocolate Bars Twin Pack | 67g, $1.80, $2.69 per 100g, https://productimages.coles.com.au/productimages/6/6754263.jpg
Coles Bakery Stone Baked Mini Rustic Baguette | 2 pack, $4.00, $2.00 per 1ea, https://productimages.coles.com.au/productimages/4/4420008.jpg
Coles Caramel Slice | 175g, $4.30, $2.46 per 100g, https://productimages.coles.com.au/productimages/1/1387132.jpg
Quest Protein Bar Choc Chip Cookie Dough 4X60G | 240g, $14.50, $6.04 per 100g, https://productimages.coles.com.au/productimages/4/4291878.jpg
Kraft Mac And Cheese Original Pasta Macaroni Noodles | 410g, $5.80, $1.41 per 100g, https://productimages.coles.com.au/productimages/3/3539560.jpg
Old Time Bakery Gluten Free Lebanese Bread | 280g, $5.80, $2.07 per 100g, https://productimages.coles.com.au/productimages/4/4654020.jpg
Coles Bakery Custard Filled Profiteroles | 8 pack, $6.75, $0.84 per 1ea, https://productimages.coles.com.au/productimages/3/3572929.jpg
Coles Country Loaf Wholemeal | 750g, $3.90, $0.52 per 100g, https://productimages.coles.com.au/productimages/2/2649482.jpg
Coles Joyful Protein Bars Cookies And Cream 190g | 1 each, $4.00, $2.11 per 100g, https://productimages.coles.com.au/productimages/5/5413846.jpg
Queen Victoria English Breakfast Extra Strong Tea Bags | 10 pack, $1.30, $0.13 per 1ea, https://productimages.coles.com.au/productimages/3/3984584.jpg
Coles Vegemite Twist | 2 pack, $3.00, $1.50 per 1ea, https://productimages.coles.com.au/productimages/5/5777296.jpg
Coles Blueberry Muffin Single Serve | 1 each, $1.65, $1.65 per 1ea, https://productimages.coles.com.au/productimages/2/2611242.jpg
MasterFoods Creamy White Finishing Sauce | 160g, $2.50, $0.16 per 10g, https://productimages.coles.com.au/productimages/6/6839720.jpg
Nivea Coconut Indulgent Moisture Shower Gel and Body Wash | 1L, $17.00, $1.70 per 100mL, https://productimages.coles.com.au/productimages/3/3227206.jpg
Edwards Sourdough Rye Light Bread | 680g, $8.50, $1.25 per 100g, https://productimages.coles.com.au/productimages/9/9409909.jpg
Colgate Optic White Expert High Impact Teeth Whitening Toothpaste With 2% Hydrogen Peroxide | 85g, $12.00, $14.12 per 100g, https://productimages.coles.com.au/productimages/2/2621778.jpg
Taylors of Harrogate Yorkshire Black Tea Bags 100 pack | 220g, $6.30, $0.06 per 1ea, https://productimages.coles.com.au/productimages/1/1417368.jpg
Golden Light & Buttery Waffles 8 pack | 220g, $7.00, $3.18 per 100g, https://productimages.coles.com.au/productimages/3/3190092.jpg
Mr Kipling French Fancies Selection Cakes 8 Pack | 205g, $6.50, $3.17 per 100g, https://productimages.coles.com.au/productimages/3/3217654.jpg
Coles Cupcakes Red Velvet 4 Pack | 288g, $6.00, $2.08 per 100g, https://productimages.coles.com.au/productimages/3/3757039.jpg
Coles Bakery Soft Seed Rustic Rolls | 4 pack, $3.75, $0.94 per 1ea, https://productimages.coles.com.au/productimages/3/3597861.jpg
Balconi Mix Max Cocoa Cakes 10 pack | 350g, $5.80, $1.66 per 100g, https://productimages.coles.com.au/productimages/5/5088122.jpg
Coles Happy Gut English Muffins | 6 Pack, $2.80, $0.47 per 1ea, https://productimages.coles.com.au/productimages/5/5747910.jpg
Twinings Earl Grey Tea Bags 100 pack | 200g, $6.75, $0.07 per 1ea, https://productimages.coles.com.au/productimages/3/304763.jpg
Heinz Soup Of The Day Old Fashioned Chicken Soup | 430g, $3.60, $0.84 per 100g, https://productimages.coles.com.au/productimages/1/1163725.jpg
Vittoria Espresso Ground Coffee | 1kg, $37.00, $3.70 per 100g, https://productimages.coles.com.au/productimages/5/5098986.jpg
Kleenex Everyday Pocket Pack 4 Ply Facial Tissues 6x9 | 6 pack, $3.50, $6.48 per 100ea, https://productimages.coles.com.au/productimages/8/8741740.jpg
Kleenex Aloe Vera & Vitamin E Pocket Pack 4 Ply Facial Tissues 6x9 | 6 pack, $3.70, $6.85 per 100ea, https://productimages.coles.com.au/productimages/1/1307188.jpg
Wirra Wirra Church Block Red Blend 750mL | 1 Each, $25.00, $33.33 per 1L, https://productimages.coles.com.au/productimages/8/8227531.jpg
Gravox Chicken Gravy Mix | 120g, $5.00, $4.17 per 100g, https://productimages.coles.com.au/productimages/6/6046853.jpg
Nescafe Cappuccino Coffee Sachets | 26 Pack, $11.00, $0.42 per 1ea, https://productimages.coles.com.au/productimages/2/2868023.jpg
Uncle Tobys Oats Quick Sachets Breakfast Cereal Creamy Honey | 700g, $9.50, $1.36 per 100g, https://productimages.coles.com.au/productimages/3/3993166.jpg
Queen Victoria English Breakfast Tea Bags | 100 pack, $11.00, $0.11 per 1ea, https://productimages.coles.com.au/productimages/3/3984755.jpg
Coles Disinfectant Spring Fresh Surface Spray | 300g, $4.00, $1.33 per 100g, https://productimages.coles.com.au/productimages/7/7518346.jpg
Continental Cup A Soup Cream Of Chicken Soup Serves 4 | 75g, $3.00, $4.00 per 100g, https://productimages.coles.com.au/productimages/1/129674.jpg
Beechworth Pure Australian Honey Squeeze | 400g, $7.50, $1.88 per 100g, https://productimages.coles.com.au/productimages/7/7009637.jpg
La Zuppa Pouch Roasted Pumpkin Soup | 540g, $5.50, $1.02 per 100g, https://productimages.coles.com.au/productimages/1/1163328.jpg
Nescafe Caramel Latte Coffee Sachets | 26 Pack, $11.00, $0.42 per 1ea, https://productimages.coles.com.au/productimages/2/2867993.jpg
Arnott's Shapes Cheese & Bacon Cracker Biscuits | 180g, $3.50, $1.94 per 100g, https://productimages.coles.com.au/productimages/8/8638241.jpg
Coles Cheese Supreme Corn Chips | 200g, $2.30, $1.15 per 100g, https://productimages.coles.com.au/productimages/6/6992556.jpg
Vittoria Espresso Coffee Beans | 1kg, $37.00, $3.70 per 100g, https://productimages.coles.com.au/productimages/9/9184897.jpg
Extra Spearmint Sugar Free Chewing Gum 3x27g | 81g, $4.50, $5.56 per 100g, https://productimages.coles.com.au/productimages/5/5229541.jpg
Lindt Excellence Block Caramelised Hazelnut | 100g, $3.85, $3.85 per 100g, https://productimages.coles.com.au/productimages/6/6320580.jpg
Gravox Roast Meat Gravy Mix Tin | 120g, $5.00, $4.17 per 100g, https://productimages.coles.com.au/productimages/6/6048815.jpg
Arkadia Spice Chai Tea | 240g, $7.00, $2.92 per 100g, https://productimages.coles.com.au/productimages/7/7490189.jpg
Jarrah Classic Hot Chocolate | 10 pack, $7.00, $0.70 per 1ea, https://productimages.coles.com.au/productimages/6/6772298.jpg
Coles Ultra Pine Disinfectant | 1.25L, $2.50, $0.20 per 100mL, https://productimages.coles.com.au/productimages/7/7450253.jpg
Glen 20 Disinfectant Air Freshener Spray Original | 300g, $6.20, $2.07 per 100g, https://productimages.coles.com.au/productimages/8/80430.jpg
Cadbury Dairy Milk Chocolate Sharepack | 144g, $5.00, $5.00 per each, https://productimages.coles.com.au/productimages/3/3768840.jpg
S & B Golden Curry Mild Curry Sauce Mix | 92g, $5.00, $5.43 per 100g, https://productimages.coles.com.au/productimages/5/5800026.jpg
Coles White Self Raising Flour | 2kg, $2.20, $1.10 per 1kg, https://productimages.coles.com.au/productimages/5/5881265.jpg
Massel Vegetable Stock Powder | 168g, $3.75, $0.22 per 10g, https://productimages.coles.com.au/productimages/4/4298607.jpg
Coles Microwave Rice Basmati | 250g, $1.75, $0.70 per 100g, https://productimages.coles.com.au/productimages/8/8471340.jpg
-196 Double Grape 6% Can 330mL | 10 Pack, $49.00, $14.85 per 1L, https://productimages.coles.com.au/productimages/5/5593373.jpg
Pringles Original Salted Stacked Potato Chips | 53g, $1.25, $2.36 per 100g, https://productimages.coles.com.au/productimages/2/2784127.jpg
Jordans Crispy Oat Clusters Strawberry | 500g, $8.50, $1.70 per 100g, https://productimages.coles.com.au/productimages/1/1315368.jpg
Extra Peppermint Sugar Free Chewing Gum 3x27g | 81g, $4.50, $5.56 per 100g, https://productimages.coles.com.au/productimages/5/5229552.jpg
Steelo No Rust Scourer Stainless Steel Soap Pads | 5 pack, $3.00, $0.60 per 1ea, https://productimages.coles.com.au/productimages/6/6682719.jpg
Decor Microsafe Easy Heat Containers 900mL | 3 pack, $8.25, $2.75 per 1ea, https://productimages.coles.com.au/productimages/3/3996379.jpg
Coles Finest Stone Baked Garlic Ciabatta | 200g, $4.50, $2.25 per 100g, https://productimages.coles.com.au/productimages/4/4706463.jpg
Extra Peppermint Sugar Free Chewing Gum | 64g, $4.00, $6.25 per 100g, https://productimages.coles.com.au/productimages/1/1804502.jpg
Coles Urban Coffee Culture Strong Beans | 1kg, $12.00, $1.20 per 100g, https://productimages.coles.com.au/productimages/7/7656656.jpg
Coles Pure Australian Honey | 1kg, $12.50, $1.25 per 100g, https://productimages.coles.com.au/productimages/4/4752370.jpg
Bundaberg UP & Cola Can 375mL | 24 Pack, $94.00, $1.04 per 100mL, https://productimages.coles.com.au/productimages/5/536899.jpg
Vanish Gold Pro Trigger | 450mL, $4.75, $10.56 per 1L, https://productimages.coles.com.au/productimages/3/3647799.jpg
Toblerone Milk Chocolate Bar | 50g, $0.90, $1.80 per 100g, https://productimages.coles.com.au/productimages/5/5172284.jpg
Coles Biscuits Scotch Fingers | 250g, $1.25, $0.50 per 100g, https://productimages.coles.com.au/productimages/1/1404071.jpg
OMO Laundry Powder Ultimate Anz | 2 kg, $14.50, $7.25 per 1kg, https://productimages.coles.com.au/productimages/5/5005420.jpg
Pitango Soup Chicken Vegetable | 350g, $4.75, $1.36 per 100g, https://productimages.coles.com.au/productimages/4/4219484.jpg
Coles Durum Wheat Pasta Macaroni | 500g, $1.00, $0.20 per 100g, https://productimages.coles.com.au/productimages/3/3329137.jpg
Doritos Corn Chips Cheese Supreme Flaming Hot | 150g, $3.35, $2.23 per 100g, https://productimages.coles.com.au/productimages/3/3851842.jpg
Vegeta Gluten Free Real Chicken Stock Powder Canned | 200g, $4.50, $2.25 per 100g, https://productimages.coles.com.au/productimages/8/8496985.jpg
Coles Brown Sugar | 1kg, $3.40, $0.34 per 100g, https://productimages.coles.com.au/productimages/2/2909335.jpg
Gravox Brown Onion Gravy Mix Tin | 120g, $5.00, $0.42 per 10g, https://productimages.coles.com.au/productimages/6/6046864.jpg
Cadbury Dairy Milk Marvellous Creations Jelly Popping Candy Chocolate Block | 190g, $3.85, $2.03 per 100g, https://productimages.coles.com.au/productimages/2/2898997.jpg
Grainwaves Sour Cream Chives Sunbites 5 Pack | 110g, $4.50, $4.09 per 100g, https://productimages.coles.com.au/productimages/9/9283040.jpg
Arnott's Vita-Weat 9 Grain Mgrain Crispbread | 250g, $4.00, $1.60 per 100g, https://productimages.coles.com.au/productimages/7/7439782.jpg
Coles Canola Oil | 2L, $7.40, $0.37 per 100mL, https://productimages.coles.com.au/productimages/4/4616112.jpg
Balter XPA Can 375mL | 16 Pack, $60.00, $1.00 per 100mL, https://productimages.coles.com.au/productimages/2/2918405.jpg
Coles Spirals Pasta | 500g, $0.90, $0.18 per 100g, https://productimages.coles.com.au/productimages/3/3329126.jpg
Bref Power Active Gel Flower Blossom | 700mL, $7.00, $1.00 per 100mL, https://productimages.coles.com.au/productimages/5/5150612.jpg
Chux Superwipes Cloth Handy Roll | 25 pack, $6.55, $0.26 per 1ea, https://productimages.coles.com.au/productimages/7/7074581.jpg
OMO F&T Liquid Floral Indulgence | 2L, $26.00, $13.00 per 1L, https://productimages.coles.com.au/productimages/5/5486577.jpg
Coles Steel Wool Soap Pads | 10 pack, $1.30, $0.13 per 1ea, https://productimages.coles.com.au/productimages/4/4510803.jpg
MasterFoods Australian Grown Tomato Sauce | 500mL, $4.50, $0.90 per 100mL, https://productimages.coles.com.au/productimages/9/9905423.jpg
Red Rock Deli Potato Chips Dijon Mustard & Honey | 150g, $4.40, $2.93 per 100g, https://productimages.coles.com.au/productimages/4/4843511.jpg
Multix Super Strong Drawtight Garbage Bags | 10 pack, $4.50, $0.45 per 1ea, https://productimages.coles.com.au/productimages/2/2191760.jpg
Coles Durum Wheat Pasta Penne Rigate | 500g, $1.00, $0.20 per 100g, https://productimages.coles.com.au/productimages/3/3329046.jpg
Earth Choice Dish Wash Concentrate Liquid Lemongrass & Ginger | 500mL, $3.25, $0.65 per 100mL, https://productimages.coles.com.au/productimages/3/3193002.jpg
Pine O Cleen Pine Disinfectant | 1.25L, $8.00, $0.64 per 100mL, https://productimages.coles.com.au/productimages/8/8090.jpg
Coles Rice Jasmine | 1kg, $3.35, $0.34 per 100g, https://productimages.coles.com.au/productimages/8/8703004.jpg
Ansell Pink Silverlined Gloves Size 9 | 1 pair, $3.60, $3.60 per 1ea, https://productimages.coles.com.au/productimages/5/5531707.jpg
Coles Table Salt | 1kg, $2.00, $0.02 per 10g, https://productimages.coles.com.au/productimages/8/8766810.jpg
The Natural Confectionery Co. Sour Squirms Lollies | 220g, $2.80, $1.27 per 100g, https://productimages.coles.com.au/productimages/2/2351254.jpg
Multix Large Freezer Bags 45cm x 30cm | 40 pack, $3.00, $0.08 per 1ea, https://productimages.coles.com.au/productimages/3/397775.jpg
Finish Power Essential Auto Dishwash Tablets Lemon Sparkle | 125 pack, $48.00, $0.38 per 1ea, https://productimages.coles.com.au/productimages/5/5113966.jpg
Earth Choice Dish Wash Concentrate Liquid Green Tea & Lime | 900mL, $5.80, $0.64 per 100mL, https://productimages.coles.com.au/productimages/3/3193545.jpg
Massel Beef Stock Powder | 168g, $3.75, $0.22 per 10g, https://productimages.coles.com.au/productimages/4/4298582.jpg
Belvita Breakfast Strawberry Sandwich Biscuits | 253g, $4.50, $1.78 per 100g, https://productimages.coles.com.au/productimages/2/2762929.jpg
Selleys Fix 'N' Go Supa Glue | 3mL, $3.00, $1.00 per 1mL, https://productimages.coles.com.au/productimages/5/5393840.jpg
FAB Gold Absolute Laundry Liquid | 1.8L, $8.00, $4.44 per 1L, https://productimages.coles.com.au/productimages/3/3774694.jpg
Glen 20 Lavender Air Freshener Spray | 300g, $6.20, $2.07 per 100g, https://productimages.coles.com.au/productimages/8/8159227.jpg
Coles Air Freshener Vanilla Orchid & Ylang Ylang | 150g, $2.70, $1.80 per 100g, https://productimages.coles.com.au/productimages/2/2682455.jpg
Maggi 2 Minute Noodles Masala | 560g, $4.50, $0.80 per 100g, https://productimages.coles.com.au/productimages/3/3336187.jpg
Pringles Minis Sour Cream & Onion Potato Chips 5 pack | 95g, $3.50, $3.68 per 100g, https://productimages.coles.com.au/productimages/3/3434007.jpg
Wellness Road Almond Spread | 250g, $5.70, $2.28 per 100g, https://productimages.coles.com.au/productimages/2/2915542.jpg
Arnott's Clix Crackers | 250g, $3.50, $1.40 per 100g, https://productimages.coles.com.au/productimages/3/329833.jpg
Nestle Ambient Dairy Sweetened Condensed Milk | 395g, $3.80, $0.96 per 100g, https://productimages.coles.com.au/productimages/4/4727612.jpg
Decor Match Ups Containers 1L | 3 pack, $13.70, $4.57 per 1ea, https://productimages.coles.com.au/productimages/3/3971017.jpg
Haldirams Nutcracker | 200g, $3.50, $1.75 per 100g, https://productimages.coles.com.au/productimages/5/5258437.jpg
Cold Power Lemon Advanced Laundry Liquid | 2L, $10.50, $5.25 per 1L, https://productimages.coles.com.au/productimages/3/3774592.jpg
Cuddly Soft & Sensitive Concentrate Fabric Conditioner | 2L, $16.00, $8.00 per 1L, https://productimages.coles.com.au/productimages/1/1586219.jpg
Bref Deluxe Moonflower Twin Pack | 100g, $11.00, $11.00 per 100g, https://productimages.coles.com.au/productimages/4/4224371.jpg
Decor Match Ups Container 3L | 1 each, $9.70, $9.70 per 1ea, https://productimages.coles.com.au/productimages/1/1898787.jpg
Coles Passata Tomato & Basil | 700g, $1.95, $0.28 per 100g, https://productimages.coles.com.au/productimages/7/7895566.jpg
Dishmatic Heavy Duty Refill | 6 pack, $9.30, $1.55 per 1ea, https://productimages.coles.com.au/productimages/2/2396220.jpg
Cadbury Old Gold Slices Mint Creme Dark Chocolate Block | 170g, $5.50, $3.24 per 100g, https://productimages.coles.com.au/productimages/6/6313155.jpg
Coles Pasta Penne | 500g, $0.90, $0.18 per 100g, https://productimages.coles.com.au/productimages/3/3329104.jpg
The Natural Confectionery Co. Snakes Lollies | 230g, $2.80, $1.22 per 100g, https://productimages.coles.com.au/productimages/5/5162429.jpg
Sorbent Double Length Toilet Tissue | 12 pack, $13.00, $0.30 per 100ea, https://productimages.coles.com.au/productimages/3/3974682.jpg
Biozet Attack Plus Stain Power | 2L, $13.00, $6.50 per 1L, https://productimages.coles.com.au/productimages/5/5095627.jpg
Multix Greener Recycled Alfoil | 10m, $3.20, $0.32 per 1M, https://productimages.coles.com.au/productimages/3/3313669.jpg
Bref Deluxe Active Gel Delicate Magnolia | 600mL, $7.00, $1.17 per 100mL, https://productimages.coles.com.au/productimages/5/5150736.jpg
Uncle Tobys Nutritious Snacks Protein Bar Raspberry Goji & White Chocolate | 175g, $6.70, $3.83 per 100g, https://productimages.coles.com.au/productimages/5/5577719.jpg
Ansell Super Rubber Gloves Medium | 1 pack, $3.90, $3.90 per 1ea, https://productimages.coles.com.au/productimages/5/5228673.jpg
Lindt Excellence Chilli Chocolate Block | 100g, $3.85, $3.85 per 100g, https://productimages.coles.com.au/productimages/6/6032564.jpg
Earth Choice Aqua Toilet Cleaner  | 750mL, $3.50, $0.47 per 100mL, https://productimages.coles.com.au/productimages/4/4790801.jpg
Sard Oil & Grime Stain Remover | 420mL, $6.00, $14.29 per 1L, https://productimages.coles.com.au/productimages/4/4471202.jpg
Multix Bake Non Stick 30m x 30cm | 1 pack, $8.50, $0.28 per 1M, https://productimages.coles.com.au/productimages/5/5188998.jpg
Golden Circle Apple & Mango Juice No Added Sugar Fruit Juices | 2L, $3.50, $1.75 per 1L, https://productimages.coles.com.au/productimages/5/5487547.jpg
Chux Dishwand | 1 pack, $5.00, $5.00 per 1ea, https://productimages.coles.com.au/productimages/3/3152311.jpg
Continental Alfredo Pasta & Sauce Serves 3 | 85g, $2.00, $2.35 per 100g, https://productimages.coles.com.au/productimages/4/4725708.jpg
5 Seasons Travel Organisers | 6 pack, $9.99, $1.67 per 1ea, https://productimages.coles.com.au/productimages/6/6170003.jpg
Coles Finest Meatballs | 500g, $8.00, $16.00 per 1kg, https://productimages.coles.com.au/productimages/4/4209866.jpg
Harpic Active Blue Cistern Block Toilet Cleaner | 114g, $4.50, $3.95 per 100g, https://productimages.coles.com.au/productimages/5/5159210.jpg
Sunrice Indian Aromatic Basmati Family Pack Microwavable Rice | 450g, $4.00, $0.89 per 100g, https://productimages.coles.com.au/productimages/6/6545762.jpg
Bulla Light Sour Cream | 400mL, $5.50, $1.38 per 100mL, https://productimages.coles.com.au/productimages/3/3540649.jpg
Heinz Canned Baked Beans English Recipe | 300g, $2.80, $9.33 per 1kg, https://productimages.coles.com.au/productimages/2/2954952.jpg
Uncle Tobys Plus Protein Cereal | 705g, $7.00, $0.99 per 100g, https://productimages.coles.com.au/productimages/8/8930298.jpg
Uncle Tobys Oats Quick Sachets Fruit Variety | 350g, $6.30, $1.80 per 100g, https://productimages.coles.com.au/productimages/3/3992582.jpg
Golden Circle 100 Percent Orange Mango Juice | 2L, $3.50, $1.75 per 1L, https://productimages.coles.com.au/productimages/2/2044540.jpg
Morning Fresh Lemon Dishwashing Liquid | 400mL, $5.50, $1.38 per 100mL, https://productimages.coles.com.au/productimages/2/2225395.jpg
Coles Lamb Leg Steak With Greek Style Marinade | 210g, $7.50, $35.72 per 1kg, https://productimages.coles.com.au/productimages/5/5987969.jpg
My Eco Bag Compostable Garbage Bag Bin Liner 27L | 22 pack, $6.50, $0.30 per 1ea, https://productimages.coles.com.au/productimages/5/5613164.jpg
Coles No Added Hormone Beef Tomahawk Steak  | approx 900g, $36.00, $40.00 per 1kg, https://productimages.coles.com.au/productimages/3/3582547.jpg
Sunrice Low GI White Rice | 1kg, $4.60, $0.46 per 100g, https://productimages.coles.com.au/productimages/4/4956223.jpg
Finish Lemon Dishwasher Cleaner | 250mL, $10.50, $4.20 per 100mL, https://productimages.coles.com.au/productimages/7/7556017.jpg
Uncle Tobys Ancient Grains Oats | 700g, $6.50, $0.93 per 100g, https://productimages.coles.com.au/productimages/2/2697930.jpg
Continental Sensation Sweet Potato Pumpkin & Caramelised Onion Soup Serves 2 | 63g, $3.50, $5.56 per 100g, https://productimages.coles.com.au/productimages/3/3716235.jpg
Coles Made Easy Bacon Wrapped Chicken Parcels With Pumpkin Spinach & Fetta Stuffing | 600g, $13.00, $21.67 per 1kg, https://productimages.coles.com.au/productimages/1/1213277.jpg
Sanitarium Up&Go Liquid Breakfast Choc Ice Cereal No Added Sugar 3X250mL | 750mL, $5.20, $6.93 per 1L, https://productimages.coles.com.au/productimages/3/3723456.jpg
Tamar Valley The Creamery Peaches & Cream | 700g, $7.50, $1.07 per 100g, https://productimages.coles.com.au/productimages/4/4935530.jpg
Uncle Tobys Le Snak Dip & Crackers Cheddar Cheese Value Pack | 264g, $9.00, $3.41 per 100g, https://productimages.coles.com.au/productimages/4/4952765.jpg
Coles Graze Lamb Leg Steak With Thyme And Black Pepper Butter | 270g, $10.50, $38.89 per 1kg, https://productimages.coles.com.au/productimages/5/5990056.jpg
Coles Thin BBQ Pork Sausages | 560g, $6.50, $11.61 per 1kg, https://productimages.coles.com.au/productimages/3/3569232.jpg
Perfect Italiano Mexican Blend Grated Cheese | 250g, $5.00, $20.00 per 1kg, https://productimages.coles.com.au/productimages/3/3846139.jpg
British Sausage Co. Beef Eater Sausage | 1kg, $12.00, $12.00 per 1kg, https://productimages.coles.com.au/productimages/6/6028603.jpg
Nescafe 98% SF Caramel Coffee Sachets | 10 pack, $7.60, $0.76 per 1ea, https://productimages.coles.com.au/productimages/3/3984100.jpg
Fluffy Concentrate Liquid Fabric Softener Conditioner Fragrance Temptations Aqua Desire | 1L, $9.00, $9.00 per 1L, https://productimages.coles.com.au/productimages/2/2732076.jpg
Coles Made Easy Chicken Breasts Filled With Garlic & Herb Butter Topped With A Cheese Crumb | 500g, $13.00, $26.00 per 1kg, https://productimages.coles.com.au/productimages/4/4472748.jpg
Inglewood Farms Free Range Organic Chicken Breast Fillets Skin Off | approx 488g, $15.37, $31.50 per 1kg, https://productimages.coles.com.au/productimages/1/1331477.jpg
Continental Cup A Soup Tasty Tomato | 54g, $1.40, $2.59 per 100g, https://productimages.coles.com.au/productimages/2/2286822.jpg
Uncle Tobys Nutritious Snacks Protein Bar Caramel & Dark Chocolate | 175g, $3.35, $1.91 per 100g, https://productimages.coles.com.au/productimages/5/5577990.jpg
Maggi Fusian Mi Goreng Soy And Mild Spice Flavour Noodles 5 Pack | 360g, $5.50, $1.53 per 100g, https://productimages.coles.com.au/productimages/8/8097800.jpg
Sunrice Medium Grain White Calrose Rice | 2kg, $7.70, $0.39 per 100g, https://productimages.coles.com.au/productimages/3/343470.jpg
Dettol Lemon Lime Multi Purpose Cleaner | 750mL, $7.00, $0.93 per 100mL, https://productimages.coles.com.au/productimages/4/4256516.jpg
Earth Choice Floor & Surface Cleaner | 1L, $3.35, $0.34 per 100mL, https://productimages.coles.com.au/productimages/7/7657331.jpg
Continental Sensations Harvest Pumpkin & Sour Cream Soup Serves 2 | 70g, $3.50, $5.00 per 100g, https://productimages.coles.com.au/productimages/3/3716213.jpg
Continental Sensation Creamy Roast Chicken Spring Onion Soup Serves 2 | 61g, $3.50, $5.74 per 100g, https://productimages.coles.com.au/productimages/3/3716202.jpg
Coles Beef Roast & Onion Garlic & Red Wine Rub | approx 1.2kg, $20.40, $17.00 per 1kg, https://productimages.coles.com.au/productimages/4/4256902.jpg
Regal New Zealand King Salmon Manuka Wood Smoked Slices | 100g, $9.50, $95.00 per 1kg, https://productimages.coles.com.au/productimages/5/5014523.jpg
Coles No Added Hormone Beef Bones | approx 950g, $6.65, $7.00 per 1kg, https://productimages.coles.com.au/productimages/2/2062155.jpg
Coles Crumbed Pork Schnitzel | 300g, $6.50, $21.67 per 1kg, https://productimages.coles.com.au/productimages/3/3478308.jpg
Olga's Fine Foods Chicken Patties | 500g, $6.00, $12.00 per 1kg, https://productimages.coles.com.au/productimages/8/8698141.jpg
Perfect Italiano Original Ricotta Soft Cheese | 500g, $7.00, $14.00 per 1kg, https://productimages.coles.com.au/productimages/6/68321.jpg
Uncle Tobys Nutritious Snacks Protein Bar Lemon Yoghurty Drizzle | 175g, $6.70, $3.83 per 100g, https://productimages.coles.com.au/productimages/5/5578008.jpg
Herb & Sons Meat Free Chicken-Free Sweet Chilli Tenders | 300g, $6.50, $21.67 per 1kg, https://productimages.coles.com.au/productimages/3/3740003.jpg
British Welsh Recipe Pork And Leek Sausages | 500g, $8.50, $17.00 per 1kg, https://productimages.coles.com.au/productimages/5/5175908.jpg
Philadelphia Dairy Cream Cheese Original Block 2 Pack | 500g, $10.00, $20.00 per 1kg, https://productimages.coles.com.au/productimages/5/5081291.jpg
Tamar Valley Creamery Peaches & Cream | 170g, $2.90, $1.71 per 100g, https://productimages.coles.com.au/productimages/4/4935551.jpg
Coles Lamb Shanks Family Pack | approx 2kg, $26.00, $13.00 per 1kg, https://productimages.coles.com.au/productimages/4/4465662.jpg
Tamar Valley The Creamery Yoghurt Mangoes & Cream | 170g, $2.90, $1.71 per 100g, https://productimages.coles.com.au/productimages/4/4348400.jpg
Coles Crumbed Squid Salt & Pepper | 270g, $9.00, $33.33 per 1kg, https://productimages.coles.com.au/productimages/5/5530216.jpg
Coles RSPCA Approved Whole Boneless Chicken With Asian BBQ Rub | approx 1kg, $11.00, $11.00 per 1kg, https://productimages.coles.com.au/productimages/5/5458425.jpg
Coles Finest Dark Almond Belgian Block | 100g, $2.50, $2.50 per 100g, https://productimages.coles.com.au/productimages/3/3445488.jpg
Coles RSPCA Approved Chicken Boneless Roast With Apricot & Herb Stuffing | 1kg, $12.50, $12.50 per 1kg, https://productimages.coles.com.au/productimages/1/1165866.jpg
V2 Popcorn Bites Southern Style Plant Based | 300g, $8.00, $26.67 per 1kg, https://productimages.coles.com.au/productimages/5/5708362.jpg
Coles Finest Carbon Neutral Beef Porterhouse Steak | 370g, $19.00, $51.35 per 1kg, https://productimages.coles.com.au/productimages/4/4994970.jpg
Coles Beef Rissoles | 440g, $6.50, $14.77 per 1kg, https://productimages.coles.com.au/productimages/2/2728057.jpg
Tamar Valley The Creamery Yoghurt Strawberries & Cream | 170g, $2.90, $1.71 per 100g, https://productimages.coles.com.au/productimages/4/4344497.jpg
Inglewood Farms Free Range Organic Chicken Drumsticks | approx 420g, $4.62, $11.00 per 1kg, https://productimages.coles.com.au/productimages/1/1331513.jpg
Drovers Choice No Added Hormone Beef Blade Steak | approx 1.2kg, $21.60, $18.00 per 1kg, https://productimages.coles.com.au/productimages/8/8749311.jpg
Coles Beef Roast With Mustard And Black Pepper | approx 900g, $16.20, $18.00 per 1kg, https://productimages.coles.com.au/productimages/2/2311191.jpg
Coles Made Easy Moroccan Lamb Filo Rolls With Fetta & Pumpkin | 400g, $13.00, $32.50 per 1kg, https://productimages.coles.com.au/productimages/3/3258593.jpg
Cleaver's Organic Chicken Nuggets | 300g, $10.50, $35.00 per 1kg, https://productimages.coles.com.au/productimages/3/3305591.jpg
V2 Tenders Southern Style Plant Based 6 Pack | 300g, $8.00, $26.67 per 1kg, https://productimages.coles.com.au/productimages/4/4884166.jpg
Coles Lamb Leg Butterflied With Rosemary & Garlic Marinade | approx 1kg, $24.00, $24.00 per 1kg, https://productimages.coles.com.au/productimages/6/6764926.jpg
Sunrice Long Grain Premium White Rice | 2kg, $4.60, $0.23 per 100g, https://productimages.coles.com.au/productimages/2/296960.jpg
Sanitarium Up&Go Choc Ice Cereal 6X250mL | 1.5L, $9.85, $6.57 per 1L, https://productimages.coles.com.au/productimages/9/9490791.jpg
Applaws Fish Selection In Broth Cat Food Pouch | 5 pack, $7.25, $2.90 per 100g, https://productimages.coles.com.au/productimages/4/4504470.jpg
Coles Graze Grassfed Beef Stir Fry | 500g, $14.00, $28.00 per 1kg, https://productimages.coles.com.au/productimages/2/2023765.jpg
Small Batch Beef Burger The Californian | 290g, $8.50, $29.31 per 1kg, https://productimages.coles.com.au/productimages/5/5703562.jpg
Bow Wow All Natural Rabbit Ears Dog Treat | 10 pack, $9.00, $0.90 per 1ea, https://productimages.coles.com.au/productimages/3/3742010.jpg
Coles Crumbed Fish Bites Salt & Pepper | 280g, $9.00, $32.14 per 1kg, https://productimages.coles.com.au/productimages/5/5528870.jpg
Coles Finest Filled Gnocchi Mozz Parmi Reggi & Ricotta | 350g, $5.00, $1.43 per 100g, https://productimages.coles.com.au/productimages/3/3920220.jpg
Coles Graze Lamb Extra Trim Cutlets | approx 300g, $11.70, $39.00 per 1kg, https://productimages.coles.com.au/productimages/3/3942620.jpg
Palmolive Ultra Strength Concentrate Dishwashing Liquid Vanilla & Berries | 950mL, $8.50, $0.89 per 100mL, https://productimages.coles.com.au/productimages/5/5000675.jpg
Nature's Gift Adult All Breeds Dry Dog Food With Kangaroo | 2.5kg, $11.50, $0.46 per 100g, https://productimages.coles.com.au/productimages/3/3251561.jpg
Coles Made Easy Slow Cooked Lamb Shanks With Red In Sauce | 900g, $17.00, $18.89 per 1kg, https://productimages.coles.com.au/productimages/1/1200402.jpg
Ocean Blue Premium Blue Swimmer Crab Meat | 140g, $12.00, $85.71 per 1kg, https://productimages.coles.com.au/productimages/3/3024300.jpg
Coles Graze Grassfed Beef Diced Steak | 500g, $14.00, $28.00 per 1kg, https://productimages.coles.com.au/productimages/2/2024393.jpg
Primo Gourmet Beef & Pork Chorizo Sausage | 450g, $8.50, $18.89 per 1kg, https://productimages.coles.com.au/productimages/3/3768374.jpg
Coles No Added Hormone Beef Rib Eye Steak | approx 383g, $14.94, $39.00 per 1kg, https://productimages.coles.com.au/productimages/3/3293620.jpg
Icare Recycled Toilet Tissue Double Length | 6 pack, $7.50, $0.35 per 100ea, https://productimages.coles.com.au/productimages/5/5626268.jpg
Wild Oz Venison Steak | approx 400g, $15.20, $38.00 per 1kg, https://productimages.coles.com.au/productimages/1/1200130.jpg
Steggles Turkey Rissoles | 400g, $7.50, $18.75 per 1kg, https://productimages.coles.com.au/productimages/1/1833566.jpg
Primo Gourmet Caramelised Onion Pork Sausage | 450g, $8.50, $18.89 per 1kg, https://productimages.coles.com.au/productimages/3/3768352.jpg
Optimum Dog Food Chicken And Rice | 6 pack, $10.00, $1.67 per 100g, https://productimages.coles.com.au/productimages/3/3870971.jpg
Coles Pork Loin Chops With Garlic & Herb Sprinkle | approx 390g, $8.58, $22.00 per 1kg, https://productimages.coles.com.au/productimages/3/3764920.jpg
Coles BUTCHER HAM STEAKS | 375g, $6.50, $17.33 per 1kg, https://productimages.coles.com.au/productimages/5/5986922.jpg
Ocean Blue Surimi Sea Sticks | 150g, $4.00, $26.67 per 1kg, https://productimages.coles.com.au/productimages/2/2850731.jpg
Coles RPSCA Approved Chicken King Kebab With Middle Eastern Rub | 800g, $12.00, $15.00 per 1kg, https://productimages.coles.com.au/productimages/5/5493415.jpg
Pet Treat Bar Premium Beef Liver Treats | approx 100g, $6.00, $60.00 per 1kg, https://productimages.coles.com.au/productimages/3/3885403.jpg
Optimum Dry Cat Food Furball With Chicken | 800g, $9.50, $1.19 per 100g, https://productimages.coles.com.au/productimages/3/3250795.jpg
Premi-Yum Free Range Chicken Mince For Dog Or Cat | 2kg, $11.00, $0.55 per 100g, https://productimages.coles.com.au/productimages/4/4306895.jpg
Purina Felix Doubly Delicious Meat Selection In Jelly | 12 pack, $14.50, $1.42 per 100g, https://productimages.coles.com.au/productimages/3/3251186.jpg
Optimum Adult 7+ Years Chicken Vegetable and Rice Dry Dog Food | 2.7Kg, $17.50, $0.65 per 100g, https://productimages.coles.com.au/productimages/1/1843162.jpg
Bow Wow Super Snacks Grain Free Kangaroo Spinach & Kale Sticks Dog Treat | 5 pack, $5.00, $1.00 per 1ea, https://productimages.coles.com.au/productimages/3/3452723.jpg
My Dog Adult Wet Dog Food Beef Liver Tray | 100g, $1.70, $1.70 per 100g, https://productimages.coles.com.au/productimages/4/4930365.jpg
Optimum Adult 1+ Years Wth Oceanfish Dry Cat Food | 2kg, $24.00, $1.20 per 100g, https://productimages.coles.com.au/productimages/3/3872241.jpg
Whiskas Favourites Tuna In Jelly Cat Food 12x85g | 12 pack, $12.00, $1.18 per 100g, https://productimages.coles.com.au/productimages/5/5172637.jpg
Coles Tender Beef Straps | 500g, $6.00, $1.20 per 100g, https://productimages.coles.com.au/productimages/1/1799480.jpg
Powerade ION4 Blackcurrent Sports Drink Sipper Cap | 600mL, $3.85, $6.42 per 1L, https://productimages.coles.com.au/productimages/1/1726034.jpg
Emma And Toms Recovery+ Green Power Juice | 1L, $5.90, $5.90 per 1L, https://productimages.coles.com.au/productimages/6/6381337.jpg
Wag Single Ingredient Beef Jerky Dog Treat | 100g, $7.50, $7.50 per 100g, https://productimages.coles.com.au/productimages/3/3995911.jpg
Pedigree Homestyle Beef Pasta & Vegies Adult Wet Dog Food Can | 1.2kg, $4.00, $0.33 per 100g, https://productimages.coles.com.au/productimages/7/7335288.jpg
Schmackos Strapz With Liver Dog Treats | 500g, $16.00, $3.20 per 100g, https://productimages.coles.com.au/productimages/9/9538912.jpg
Dine Daily Cat Food Poultry Selection 14x85g | 14 pack, $15.50, $1.30 per 100g, https://productimages.coles.com.au/productimages/3/3586231.jpg
Dine Classic Collection Pouch Cat Food Mixed Selection In Jelly/Gravy 12x85g | 12 pack, $15.00, $1.47 per 100g, https://productimages.coles.com.au/productimages/5/5188310.jpg
Fancy Feast Royale Tuna Shrimp Cat Food | 85g, $2.70, $3.18 per 100g, https://productimages.coles.com.au/productimages/9/9416835.jpg
Kirks Soft Drink Pasito 10x375ml | 10 Pack, $11.60, $3.09 per 1L, https://productimages.coles.com.au/productimages/9/9125209.jpg
Felix Sensations Sauce Meat Selection Cat Food 85g | 12 pack, $14.50, $1.42 per 100g, https://productimages.coles.com.au/productimages/2/2912839.jpg
Fussy Cat Grain Free Crunchers Adult Cat Treats With Kangaroo | 100g, $3.50, $3.50 per 100g, https://productimages.coles.com.au/productimages/4/4239823.jpg
G Active Berry Flavoured Electrolyte Water | 600mL, $2.50, $4.17 per 1L, https://productimages.coles.com.au/productimages/2/2925830.jpg
Golden Circle Tropical Punch Fruit Drink Lunch Box Multipack Poppers 6x250mL | 6 pack, $4.40, $2.93 per 1L, https://productimages.coles.com.au/productimages/3/384354.jpg
Vitapet Chicken Wrapped Rawhide Dog Chews | 1 pack, $9.50, $9.50 per 1ea, https://productimages.coles.com.au/productimages/1/1853778.jpg
Sprite Lemonade Soft Drink Bottle | 600mL, $3.20, $5.33 per 1L, https://productimages.coles.com.au/productimages/5/5603841.jpg
Kirks Soft Drink Creamy Soda | 1.25L, $2.35, $1.88 per 1L, https://productimages.coles.com.au/productimages/5/5399075.jpg
Daily Juice No Added Sugar Orange Juice | 3L, $7.00, $2.33 per 1L, https://productimages.coles.com.au/productimages/7/7009375.jpg
7up Lemonade Soft Drink Bottle | 1.25L, $2.85, $2.28 per 1L, https://productimages.coles.com.au/productimages/5/5080798.jpg
Love'em Dog Treats Beef Liver | 200g, $14.00, $7.00 per 100g, https://productimages.coles.com.au/productimages/3/3874939.jpg
Kirks Sugar Free Pasito Soft Drink | 1.25L, $2.35, $2.35 per each, https://productimages.coles.com.au/productimages/4/4397904.jpg
Rokeby Farms Chocolate Honeycomb Protein Smoothie | 425mL, $3.50, $8.24 per 1L, https://productimages.coles.com.au/productimages/3/3907335.jpg
Vitapet Chicken Wrapped Rawhide Sticks | 5 pack, $5.50, $1.10 per 1ea, https://productimages.coles.com.au/productimages/2/2061480.jpg
Schmackos Chomp N Chew With Peanut Butter & Chicken Flavoured Dog Treat Large | 60g, $4.00, $4.00 per 1ea, https://productimages.coles.com.au/productimages/3/3452290.jpg
Applaws Tin Mp Fish Deluxe Selection Cat Food 8x70g | 8 pack, $15.00, $2.68 per 100g, https://productimages.coles.com.au/productimages/1/1328440.jpg
Pet Treat Bar Chicken Wings | approx 100g, $6.00, $60.00 per 1kg, https://productimages.coles.com.au/productimages/3/3885334.jpg
Monster Ultra Rosa Multipack Cans 4 x 500mL | 4 pack, $8.30, $4.15 per 1L, https://productimages.coles.com.au/productimages/3/3990033.jpg
Temptations Hearty Beef Flavour Cat Treats | 180g, $9.00, $5.00 per 100g, https://productimages.coles.com.au/productimages/3/3566438.jpg
Vitapet Jerhigh Chicken Tenders Dog Treats | 100g, $9.00, $9.00 per 100g, https://productimages.coles.com.au/productimages/7/7531399.jpg
Purina One Adult Dry Cat Food Healthy Salmon And Tuna | 1.5kg, $20.50, $1.37 per 100g, https://productimages.coles.com.au/productimages/5/5027423.jpg
Schweppes Lemon Lime Bitters Zero Sugar Mixers 4X300Ml | 4 pack, $4.50, $3.75 per 1L, https://productimages.coles.com.au/productimages/3/3752782.jpg
Optimum Kitten Healthy Development Chunks In Jelly Salmon Cat Food 12x85g | 12 pack, $19.00, $1.86 per 100g, https://productimages.coles.com.au/productimages/4/4491924.jpg
Diet Rite Apple Blackcurrant Cordial | 1L, $3.50, $3.50 per 1L, https://productimages.coles.com.au/productimages/3/3696535.jpg
Fussy Cat Grain Free Adult Wet Cat food Beef & Kangaroo With Sweet Potato | 400g, $2.20, $0.55 per 100g, https://productimages.coles.com.au/productimages/2/2912679.jpg
Coca-Cola Zero Sugar Vanilla Soft Drink Bottle | 600mL, $3.20, $5.33 per 1L, https://productimages.coles.com.au/productimages/3/3271139.jpg
V Energy Refresh Drink Citrus Lemonade Can | 250mL, $2.35, $9.40 per 1L, https://productimages.coles.com.au/productimages/5/5486395.jpg
Kirks Soft Drink Lemonade | 1.25L, $2.35, $1.88 per 1L, https://productimages.coles.com.au/productimages/5/5399166.jpg
Nudie Nothing But Orange Juice | 400mL, $3.80, $9.50 per 1L, https://productimages.coles.com.au/productimages/3/3724390.jpg
Golden Circle Pine Orange Fruit Drink Lunch Box Multipack Poppers 6x250mL | 6 pack, $4.40, $2.93 per 1L, https://productimages.coles.com.au/productimages/3/384376.jpg
Maximus Bring It On Blue Isotonic Sports Drink | 1L, $2.50, $2.50 per 1L, https://productimages.coles.com.au/productimages/9/9880694.jpg
Pedigree Loaf With 5 Kinds Of Meat Adult Wet Dog Food Can | 700g, $3.50, $0.50 per 100g, https://productimages.coles.com.au/productimages/2/255395.jpg
Pedigree Senior Dry Dog Food With Real Turkey | 3kg, $14.00, $0.47 per 100g, https://productimages.coles.com.au/productimages/1/1843130.jpg
Just Juice Orange Juice | 1L, $2.50, $2.50 per 1L, https://productimages.coles.com.au/productimages/1/105563.jpg
Optimum Mature 7+ Years Chunks In Jelly With Salmon Cat Food Pouch | 85g, $2.10, $2.47 per 100g, https://productimages.coles.com.au/productimages/3/3759384.jpg
Coles Apple Fruit Drink 250mL | 6 Pack, $2.50, $1.67 per 1L, https://productimages.coles.com.au/productimages/2/2535574.jpg
Schweppes Raspberry Flavoured Drink | 1.1L, $2.60, $2.36 per 1L, https://productimages.coles.com.au/productimages/3/3270216.jpg
Gatorade Fierce Grape Sport Drink | 600mL, $2.30, $3.83 per 1L, https://productimages.coles.com.au/productimages/8/8729937.jpg
V Sugar Free Energy Drink 250mL | 4 pack, $10.00, $10.00 per 1L, https://productimages.coles.com.au/productimages/5/5020242.jpg
Lux And Bones Whole Chicken Fillet Cat Food | 40g, $4.30, $10.75 per 100g, https://productimages.coles.com.au/productimages/5/5197605.jpg
Nudie Nothing But Juice Orange Pulp Free | 400mL, $3.80, $9.50 per 1L, https://productimages.coles.com.au/productimages/3/3893489.jpg
Bundaberg Brewed Ginger Beer | 750mL, $3.25, $4.33 per 1L, https://productimages.coles.com.au/productimages/5/5037234.jpg
Pauls Bluey Kids UHT Chocolate Flavoured Milk 6x200mL | 6 pack, $5.80, $0.48 per 100mL, https://productimages.coles.com.au/productimages/5/5311154.jpg
V Blue Energy Drink 250mL | 4 pack, $10.00, $10.00 per 1L, https://productimages.coles.com.au/productimages/9/9880526.jpg
Ultimates Indulge Whitemeat Tuna With Fish Roe & Chicken Breast Adult Cat Food | 85g, $1.60, $1.88 per 100g, https://productimages.coles.com.au/productimages/3/3595571.jpg
Monster Energy Green Multipack Cans 4 x 500mL | 4 pack, $8.30, $4.15 per 1L, https://productimages.coles.com.au/productimages/2/2785094.jpg
Just Juice Apple Juice | 1L, $2.50, $2.50 per 1L, https://productimages.coles.com.au/productimages/4/494807.jpg
Twining's Pure Peppermint Infusions Tea Bags | 10 Pack, $3.00, $0.30 per 1ea, https://productimages.coles.com.au/productimages/5/5359638.jpg
Coles Passionfruit Soft Drink | 1.25L, $0.90, $0.72 per 1L, https://productimages.coles.com.au/productimages/5/5235227.jpg
Dine Classic Collection Pouch Cat Food Succulent Selection In Jelly 12x85g | 12 pack, $15.00, $1.47 per 100g, https://productimages.coles.com.au/productimages/5/5188320.jpg
Ocean Spray Cranberry & Pomegranate Fruit Drink | 1.5L, $6.25, $4.17 per 1L, https://productimages.coles.com.au/productimages/7/7258551.jpg
Vitapet Jerhigh Chicken Sticks Dog Treats | 400g, $20.00, $5.00 per 100g, https://productimages.coles.com.au/productimages/7/7531366.jpg
Prime Pantry Nibbles Cat Treat Salmon | 40g, $4.30, $10.75 per 100g, https://productimages.coles.com.au/productimages/4/4201536.jpg
Schweppes Lime Flavour Soda Water With Lime Juice | 1.1L, $2.60, $2.36 per 1L, https://productimages.coles.com.au/productimages/3/3014840.jpg
Bodalla Vintage Cheddar | approx 100g, $5.00, $50.00 per 1kg, https://productimages.coles.com.au/productimages/3/3633058.jpg
Coles Deli Salad Tubs Large Quinoa Tabouleh | 1 each, $7.00, $7.00 per 1ea, https://productimages.coles.com.au/productimages/1/1483680.jpg
Fanta Orange Soft Drink Bottle | 1.25L, $1.70, $1.36 per 1L, https://productimages.coles.com.au/productimages/1/123022.jpg
Impressed Essentials Tropical Juice | 1L, $4.00, $4.00 per 1L, https://productimages.coles.com.au/productimages/4/4845663.jpg
Fussy Cat Grain Free Adult Dry Cat Food Chicken & Turkey With Cranberry | 2.5 Kg, $16.80, $0.67 per 100g, https://productimages.coles.com.au/productimages/2/2739950.jpg
Monster Energy Mango Loco Can | 500mL, $3.70, $7.40 per 1L, https://productimages.coles.com.au/productimages/3/3290778.jpg
Regal Lean Cat Food With Turkey 2x100g | 2 pack, $2.90, $1.45 per 100g, https://productimages.coles.com.au/productimages/3/3618145.jpg
Mount Franklin Sparklin Water Natural Bottle | 450mL, $2.95, $6.56 per 1L, https://productimages.coles.com.au/productimages/7/7429723.jpg
Twinings Lemon & Ginger Infusions Tea Bags | 15g, $3.00, $0.30 per 1ea, https://productimages.coles.com.au/productimages/5/5984870.jpg
Nature's Gift Adult All Breeds Dry Dog Food With Beef | 2.5kg, $11.50, $0.46 per 100g, https://productimages.coles.com.au/productimages/3/3585760.jpg
My Dog Home Delights Chunks In Gravy With Slow Cooked Beef And Green Vegetables | 100g, $1.70, $1.70 per 100g, https://productimages.coles.com.au/productimages/4/4473490.jpg
Applaws Tuna Fillet with Seaweed Canned Cat Food | 70g, $2.20, $3.14 per 100g, https://productimages.coles.com.au/productimages/8/8968552.jpg
My Dog Classic Loaf With Gourmet Beef 24X100G Wet Dog Food | 24 pack, $27.00, $1.13 per 100g, https://productimages.coles.com.au/productimages/3/3870870.jpg
A2 Full Cream Instant Milk Powder | 1kg, $18.00, $1.80 per 100g, https://productimages.coles.com.au/productimages/2/2412654.jpg
Impressed Essentials Orange Juice With Pulp | 1L, $4.00, $4.00 per 1L, https://productimages.coles.com.au/productimages/4/4845619.jpg
My Dog Shredded Meals Beef Dog Food | 100g, $1.25, $1.25 per 100g, https://productimages.coles.com.au/productimages/6/6131974.jpg
Coles Mild Hungarian Salami | 200g, $6.90, $34.50 per 1kg, https://productimages.coles.com.au/productimages/3/3269250.jpg
Bundaberg Ginger Beer 10X375mL | 10 pack, $14.70, $3.92 per 1L, https://productimages.coles.com.au/productimages/9/9826123.jpg
Coles Finest French 18 Month Aged Comte | approx 130g, $9.23, $71.00 per 1kg, https://productimages.coles.com.au/productimages/3/3635122.jpg
Coles Deli Delre Dutch Smoked Cheese | approx 250g, $7.75, $31.00 per 1kg, https://productimages.coles.com.au/productimages/6/6120912.jpg
Maggie Beer Pheasant Farm Pate | 120g, $7.30, $6.08 per 100g, https://productimages.coles.com.au/productimages/3/3115971.jpg
Coles Semi Dried Tomatoes 97% FF | approx 100g, $2.50, $25.00 per 1kg, https://productimages.coles.com.au/productimages/5/5142170.jpg
Primo Hickory Smoked Rindless Middle Bacon | approx 100g, $2.00, $20.00 per 1kg, https://productimages.coles.com.au/productimages/4/4304233.jpg
Coles Deli Thawed Prawn Skewers Garlic | 1 each, $1.90, $1.90 per 1ea, https://productimages.coles.com.au/productimages/2/2984046.jpg
La Casa Del Formaggio Reduced Fat Ricotta | approx 100g, $1.18, $11.80 per 1kg, https://productimages.coles.com.au/productimages/3/3218409.jpg
Mount Franklin Lightly Sparkling Passionfruit | 1.25L, $1.35, $1.08 per 1L, https://productimages.coles.com.au/productimages/5/5088392.jpg
Fanta Raspberry Zero Sugar Soft Drink Bottle | 600mL, $3.20, $5.33 per 1L, https://productimages.coles.com.au/productimages/5/5320246.jpg
Casalingo Heritage Ham | approx 100g, $3.65, $36.50 per 1kg, https://productimages.coles.com.au/productimages/3/3445921.jpg
Coles Deli RSPCA Approved Chicken Garlic Kyiv | 1 each, $3.00, $3.00 per 1ea, https://productimages.coles.com.au/productimages/3/3234824.jpg
Coles Finest Swiss 12 Month Aged Gruyre | approx 130g, $8.32, $64.00 per 1kg, https://productimages.coles.com.au/productimages/3/3633499.jpg
Valley Produce Co. Original Bagel Toast | 120g, $5.00, $4.17 per 100g, https://productimages.coles.com.au/productimages/3/3052850.jpg
Coles Deli Salads Tub Medium Classic Potato | 1 each, $5.00, $5.00 per 1ea, https://productimages.coles.com.au/productimages/9/9096360.jpg
El Pozo Jamon Serrano Aged 12 Months | approx 100g, $5.00, $50.00 per 1kg, https://productimages.coles.com.au/productimages/3/3160070.jpg
Coles Deli Salads Tub Small Classic Potato | 1 each, $4.00, $4.00 per 1ea, https://productimages.coles.com.au/productimages/9/9095946.jpg
Coles Deli Salads Tub Medium Classic Pasta | Medium, $5.00, $5.00 per 1ea, https://productimages.coles.com.au/productimages/9/9096439.jpg
Coles Fruity Bites Platter | 1 each, $35.00, $35.00 per 1ea, https://productimages.coles.com.au/productimages/3/3830944.jpg
Udder Delights Adelaide Hills Ash Brie Cheese | 200g, $9.50, $47.50 per 1kg, https://productimages.coles.com.au/productimages/3/3631370.jpg
King Island Dairy Half Moon Bay Double Brie | approx100g, $6.35, $63.50 per 1kg, https://productimages.coles.com.au/productimages/3/3222600.jpg
Provedore Capocollo Italian Style | 80g, $6.50, $81.25 per 1kg, https://productimages.coles.com.au/productimages/3/3884863.jpg
Coles Deli Salad Tubs Medium Quinoa Tabouleh | 1 each, $6.00, $6.00 per 1ea, https://productimages.coles.com.au/productimages/1/1483191.jpg
Coles Deli Fromager D'Affinois Blue Cheese | approx200g, $13.40, $67.00 per 1kg, https://productimages.coles.com.au/productimages/7/7996880.jpg
Coles Australian Made Free Range Triple Smoked Leg Ham | 140g, $6.50, $46.43 per 1kg, https://productimages.coles.com.au/productimages/3/3828771.jpg
Coles Finest British Yorkshire Wensleydale PGI With Cranberries Raw | approx 200g, $10.00, $50.00 per 1kg, https://productimages.coles.com.au/productimages/3/3895236.jpg
Swisspers Baby Organic Cotton Pads | 40 pack, $4.25, $0.11 per 1ea, https://productimages.coles.com.au/productimages/5/5381262.jpg
Fragassi Arrabbiata Pasta Sauce | 500g, $8.30, $1.66 per 100g, https://productimages.coles.com.au/productimages/3/3776102.jpg
Coles Finest Spanish Aged Truffle Cheese | approx 150g, $11.70, $78.01 per 1kg, https://productimages.coles.com.au/productimages/3/3893445.jpg
Coles Deli Delre Mini Chol | approx 180g, $6.48, $36.00 per 1kg, https://productimages.coles.com.au/productimages/6/6120821.jpg
CUB Super Soft Nursing Pads | 40 pack, $5.30, $0.13 per 1ea, https://productimages.coles.com.au/productimages/6/6336296.jpg
Huggies Newborn Nappies Size 1 (up to 5kg) | 1 pack, $40.00, $0.37 per 1ea, https://productimages.coles.com.au/productimages/9/9088598.jpg
Hedys Quiche Lorraine | 1.1kg, $14.50, $1.32 per 100g, https://productimages.coles.com.au/productimages/7/7388070.jpg
Snowdonia Black Bomber Mature Cheddar | approx 100g, $6.90, $69.00 per 1kg, https://productimages.coles.com.au/productimages/3/3089420.jpg
Coles Deli Thawed Prawn Skewers Sweet Chilli | 5 pack, $9.50, $1.90 per 1ea, https://productimages.coles.com.au/productimages/2/2984115.jpg
Taylors One Small Step Shiraz 750mL | 1 Each, $12.00, $16.00 per 1L, https://productimages.coles.com.au/productimages/2/2790797.jpg
Huggies Drynites Night Pants Boy Size 2-4 Years | 10 pack, $13.00, $1.30 per 1ea, https://productimages.coles.com.au/productimages/5/5063074.jpg
Rafferty's Garden Chicken & Vegetable Paella 12+ Months | 200g, $3.00, $1.50 per 100g, https://productimages.coles.com.au/productimages/5/5047103.jpg
Karicare+ Soy Milk For All Ages | 900g, $20.00, $2.22 per 100g, https://productimages.coles.com.au/productimages/5/5578664.jpg
Tommee Tippee Narrow Neck Baby Bottle 250ml 3 Pack 0m+ | 3 pack, $12.00, $4.00 per 1ea, https://productimages.coles.com.au/productimages/2/2930160.jpg
Curash Baby Shampoo & Conditioner | 400mL, $6.30, $1.58 per 100mL, https://productimages.coles.com.au/productimages/5/5241842.jpg
Keep It Cleaner Toddler Tri-Veg Pasta Dinosaurs | 250g, $4.50, $1.80 per 100g, https://productimages.coles.com.au/productimages/5/5052646.jpg
Huggies Ultra Dry Nappy Pants Girls Size 3 (6-12kg) | 36 pack, $22.00, $0.61 per 1ea, https://productimages.coles.com.au/productimages/4/4317789.jpg
Gordons Gin 700mL | 1 Each, $47.00, $67.14 per 1L, https://productimages.coles.com.au/productimages/8/8331668.jpg
CUB Baby Wash Head To Toe | 500mL, $5.00, $1.00 per 100mL, https://productimages.coles.com.au/productimages/3/3506855.jpg
Huggies Infant Nappies Size 2 (4-8kg) | 1 pack, $40.00, $0.42 per 1ea, https://productimages.coles.com.au/productimages/3/3114709.jpg
OB Finest Cashew & Rosemary Crackers | 150g, $6.50, $4.33 per 100g, https://productimages.coles.com.au/productimages/2/2792420.jpg
Coles Deli Medium Greek Salad | 1 each, $6.00, $6.00 per 1ea, https://productimages.coles.com.au/productimages/3/3062285.jpg
Alula S-26 Gold Delicateeze Infant Formula 0-12Months | 850g, $30.00, $3.53 per 100g, https://productimages.coles.com.au/productimages/3/3773272.jpg
Cleanskin Rich & Spicy SEA Shiraz Cabernet 750mL | 1 Each, $5.50, $7.33 per 1L, https://productimages.coles.com.au/productimages/8/8296895.jpg
Thomson's Deli Danish Salami | 200g, $5.00, $25.00 per 1kg, https://productimages.coles.com.au/productimages/7/7570222.jpg
Coles Deli Delre Pecorino Pepato | approx 250g, $9.00, $36.00 per 1kg, https://productimages.coles.com.au/productimages/6/6553294.jpg
CUB 100% Pure Cotton Ripple | 100g, $1.95, $1.95 per each, https://productimages.coles.com.au/productimages/3/3754198.jpg
Huggies Refillable Baby Wipes Clutch 'N' Go | 1 pack, $7.00, $7.00 per 1ea, https://productimages.coles.com.au/productimages/2/2270630.jpg
Coles Deli Meredith Dairy Plain Chevre | 150g, $9.00, $60.00 per 1kg, https://productimages.coles.com.au/productimages/6/6670935.jpg
Mighty Bellies Brown Rice Crispy Bars Vanilla | 6 pack, $6.25, $1.04 per 1ea, https://productimages.coles.com.au/productimages/5/5055972.jpg
Bubs Organic Apple & Barley Toothy Rusks Lactose Free | 6 pack, $3.50, $0.58 per 1ea, https://productimages.coles.com.au/productimages/5/5052840.jpg
Wild Turkey Kentucky Straight Bourbon Whiskey 1L | 1 Each, $73.00, $73.00 per 1L, https://productimages.coles.com.au/productimages/8/8331748.jpg
Only Organic Kumara Carrot & Coconut Rice Baby Food 8+ Months | 170g, currently unavailable, currently unavailable per each, https://productimages.coles.com.au/productimages/3/3293110.jpg
Coles Deli Tarago Shadows Of Blue Cheese | approx 100g, $8.50, $85.00 per 1kg, https://productimages.coles.com.au/productimages/6/6672078.jpg
Coles Deli Salad Tubs Small Quinoa Tabouleh | 1 each, $5.00, $5.00 per 1ea, https://productimages.coles.com.au/productimages/1/1489562.jpg
Tommee Tippee Weighted Straw Toddler Cup 300ml | 1 pack, $12.00, $12.00 per 1ea, https://productimages.coles.com.au/productimages/5/5331377.jpg
Huggies Ultra Dry Nappies Girls Size 5 (13-18kg) | 32 pack, $16.00, $0.50 per 1ea, https://productimages.coles.com.au/productimages/6/6803110.jpg
Casalingo Truffle Salami | approx 100g, $3.70, $37.00 per 1kg, https://productimages.coles.com.au/productimages/3/3787142.jpg
Heinz Pear & Blackberry Custard No Added Sugar | 120g, $1.80, $1.50 per 100g, https://productimages.coles.com.au/productimages/4/4144691.jpg
Alula S-26 Original Stage 2 Formula 6-12Months | 900g, $20.00, $2.22 per 100g, https://productimages.coles.com.au/productimages/3/3025835.jpg
Thomson's Deli Devon | 1kg, $3.30, $3.30 per 1kg, https://productimages.coles.com.au/productimages/2/2042442.jpg
Rafferty's Garden Shepherd's Pie Mini Meal Baby Food Pouch 10+ Months | 170g, $2.80, $1.65 per 100g, https://productimages.coles.com.au/productimages/7/7730635.jpg
Rafferty's Garden Sweet Potato & Carrot Bread Sticks 12+ Months | 30g, $3.00, $10.00 per 100g, https://productimages.coles.com.au/productimages/5/5046610.jpg
Kiddylicious Veggie Straws | 12g, $2.20, $18.33 per 100g, https://productimages.coles.com.au/productimages/2/2803200.jpg
Beyond By Babylove Nappies Toddler | 38 pack, $28.00, $0.74 per 1ea, https://productimages.coles.com.au/productimages/5/5066695.jpg
B.box 360 Cup | 1 each, $14.40, $14.40 per 1ea, https://productimages.coles.com.au/productimages/5/5245049.jpg
Heinz Just Peachy With Banana & Apricot Smoothie | 120g, $1.80, $1.50 per 100g, https://productimages.coles.com.au/productimages/4/4144727.jpg
Mountain Goat Goat Lager Can 375mL | 24 Pack, $51.00, $5.67 per 1L, https://productimages.coles.com.au/productimages/3/3426111.jpg
Ecostore Baby Shampoo | 500mL, $14.00, $2.80 per 100mL, https://productimages.coles.com.au/productimages/3/3797146.jpg
A2 Junior Stage 4 Platinum Premium Formula | 900g, $38.00, $4.22 per 100g, https://productimages.coles.com.au/productimages/5/5488299.jpg
Coles Deli Delre Goat Milk Caprakaas | approx 180g, $9.54, $53.00 per 1kg, https://productimages.coles.com.au/productimages/6/6113000.jpg
Coles Deli Small Greek Salad | 1 each, $5.00, $5.00 per 1ea, https://productimages.coles.com.au/productimages/3/3062263.jpg
Uberbrau Imported Lager Bottle 330mL | 24 Pack, $36.00, $4.55 per 1L, https://productimages.coles.com.au/productimages/2/2018630.jpg
Whispers Spumante 750mL | 1 Each, $5.00, $0.67 per 100mL, https://productimages.coles.com.au/productimages/1/1994419.jpg
Coles Chicken & Mayo Caesar Mix | 220g, $5.50, $25.00 per 1kg, https://productimages.coles.com.au/productimages/6/6278316.jpg
King Island Dairy Endeavour Blue | approx 100g, $6.80, $68.00 per 1kg, https://productimages.coles.com.au/productimages/4/4381880.jpg
Pirate Life South Coast Pale Ale Can 355mL | 4 Pack, $14.00, $9.86 per 1L, https://productimages.coles.com.au/productimages/3/3858546.jpg
Whispers Pinot Grigio 750mL | 1 Each, $5.00, $6.67 per 1L, https://productimages.coles.com.au/productimages/1/1948557.jpg
Brown Brothers Cienna 750mL | 1 Each, $18.00, $24.00 per 1L, https://productimages.coles.com.au/productimages/8/8268903.jpg
Huggies Little Swimmers Swim Nappies Large (14+kg) | 10 pack, $17.00, $1.70 per 1ea, https://productimages.coles.com.au/productimages/8/8383413.jpg
Rafferty's Garden Mango Apple & Sweet Potato Baby Food Puree Pouch 4+ Months | 120g, $2.15, $1.79 per 100g, https://productimages.coles.com.au/productimages/3/3620464.jpg
Keep It Cleaner Toddler Corn & Rice Pasta Jungle Animals | 250g, $4.50, $1.80 per 100g, https://productimages.coles.com.au/productimages/5/5052679.jpg
Mumm Cordon Rouge NV Champagne 750mL | 1 Each, $65.00, $86.67 per 1L, https://productimages.coles.com.au/productimages/8/8229854.jpg
Keep It Cleaner Toddler Wheat Free Cereal Vanilla | 225g, $5.00, $2.22 per 100g, https://productimages.coles.com.au/productimages/5/5052566.jpg
Coles Vanilla Custard 6+ Months | 120g, $1.00, $0.83 per 100g, https://productimages.coles.com.au/productimages/3/3962016.jpg
Hahn Super Dry Can 375mL | 8 Pack, $21.00, $7.00 per 1L, https://productimages.coles.com.au/productimages/5/5502797.jpg
Little Bellies Veggie Tubes Sweetcorn & Carrot  12m+ | 12g, $2.00, $16.67 per 100g, https://productimages.coles.com.au/productimages/4/4163437.jpg
Alula S-26 Original Stage 3 Milk Drink 1Year+ | 900g, $20.00, $2.22 per 100g, https://productimages.coles.com.au/productimages/3/3773261.jpg
Rafferty's Garden Pumpkin Pear & Peach Baby Food Puree Pouch 4+ Months | 120g, $2.15, $1.79 per 100g, https://productimages.coles.com.au/productimages/3/3766492.jpg
Jordan Baby Toothbrush 0-2 years | 1 each, $3.75, $3.75 per 1ea, https://productimages.coles.com.au/productimages/6/6607600.jpg
Vodka Cruiser Limited Edition Sour Apple Bottle 275mL | 4 Pack, $19.00, $17.27 per 1L, https://productimages.coles.com.au/productimages/6/6310791.jpg
Ballantines Scotch Whisky 700mL | 1 Each, $44.00, $62.86 per 1L, https://productimages.coles.com.au/productimages/8/8327886.jpg
Coles Finest French Double Cream Brie | approx 100g, $5.50, $55.00 per 1kg, https://productimages.coles.com.au/productimages/3/3635891.jpg
Kiddylicious Blueberry Fruity Puffs 7+ Months | 10g, $2.20, $22.00 per 100g, https://productimages.coles.com.au/productimages/2/2365157.jpg
Grant Burge 5th Generation Merlot 750mL | 1 Each, $14.00, $18.67 per 1L, https://productimages.coles.com.au/productimages/3/3841871.jpg
B.box Insulated Drink Bottle 350mL Assorted | 1 each, $26.40, $26.40 per 1ea, https://productimages.coles.com.au/productimages/5/5245130.jpg
Whole Kids Organic Meltaway Sticks 100% Corn 6M+ | 10g, $2.00, $20.00 per 100g, https://productimages.coles.com.au/productimages/4/4160916.jpg
Travla Mid Strength Lager Can 375mL | 6 Pack, $14.00, $6.22 per 1L, https://productimages.coles.com.au/productimages/5/5540195.jpg
Only Organic Chicken Vegetables And Star Pasta 8+ Months | 170g, $2.90, $1.71 per 100g, https://productimages.coles.com.au/productimages/4/4162944.jpg
Brilla Prosecco Spumante DOC Rose 750mL | 1 Each, $16.00, $21.33 per 1L, https://productimages.coles.com.au/productimages/3/3962515.jpg
Coles Finest European Truffle Goats Cheese | approx 100g, $6.00, $60.00 per 1kg, https://productimages.coles.com.au/productimages/5/5362960.jpg
Aptamil Profutura Infant Formula From 0-6 Months | 900g, $45.00, $5.00 per 100g, https://productimages.coles.com.au/productimages/4/4145708.jpg
CUB Organic Plant Based Potato Broccoli And Peas With A Squeeze Of Lemon 6M+ | 120g, $2.05, $1.71 per 100g, https://productimages.coles.com.au/productimages/3/3973635.jpg
Heinz Little Kids Chickpea Puffs With Carrot & Broccoli Snack | 12g, $1.90, $15.83 per 100g, https://productimages.coles.com.au/productimages/5/5044386.jpg
Aptamil Allerpro Syneo Baby Formula Stage 2 | 900g, $40.00, $4.44 per 100g, https://productimages.coles.com.au/productimages/6/6187301.jpg
Dos Equis Xx Special Lager Bottle 355mL | 6 Pack, $18.00, $8.45 per 1L, https://productimages.coles.com.au/productimages/4/4847330.jpg
Four'N Twenty King Size Meat Lovers Sausage Roll | 160g, $4.00, $2.50 per 100g, https://productimages.coles.com.au/productimages/5/5105254.jpg
Canadian Club Premium and Dry Can 375mL | 4 Pack, $25.00, $16.67 per 1L, https://productimages.coles.com.au/productimages/2/2823488.jpg
McCain Frozen Ham & Pineapple Pizza Slices 6 pack | 600g, $7.00, $1.17 per 100g, https://productimages.coles.com.au/productimages/5/5179501.jpg
KenTucky Straight Bourbon Whiskey 700mL | 1 Each, $43.00, $61.43 per 1L, https://productimages.coles.com.au/productimages/4/4868239.jpg
Smithy's Mid Strength Bottle 330mL | 24 Pack, $37.00, $4.67 per 1L, https://productimages.coles.com.au/productimages/4/4310961.jpg
Oyster Bay Pinot Noir 750mL | 1 Each, $20.00, $26.67 per 1L, https://productimages.coles.com.au/productimages/8/8258692.jpg
Bijou Terre de Providence Rose 750mL | 1 Each, $12.00, $16.00 per 1L, https://productimages.coles.com.au/productimages/3/3884660.jpg
Mercury Hard Cider Can 375mL | 6 Pack, $19.00, $8.44 per 1L, https://productimages.coles.com.au/productimages/2/2538313.jpg
Birds Eye Deli Roast Vegetables  | 600g, $7.00, $11.67 per 1kg, https://productimages.coles.com.au/productimages/4/4204002.jpg
Earthworks South Australia Riesling 750mL | 1 Each, $12.00, $16.00 per 1L, https://productimages.coles.com.au/productimages/2/2829270.jpg
Sara Lee Frozen Chocolate Buttercake | 350g, $8.50, $2.43 per 100g, https://productimages.coles.com.au/productimages/2/268900.jpg
Mercury Hard Cider Crushed Raspberry Can 375mL | 6 Pack, $19.00, $8.44 per 1L, https://productimages.coles.com.au/productimages/3/3716440.jpg
Streets Blue Ribbon Light Vanilla Ice Cream Tub | 2L, $7.00, $0.35 per 100mL, https://productimages.coles.com.au/productimages/5/5171270.jpg
Golden Wok Frozen Diana Chan's Vegetable Dumplings | 230g, $6.80, $2.96 per 100g, https://productimages.coles.com.au/productimages/3/3311517.jpg
Old Time Bakery Gluten Free Wholesome Buckwheat Wraps | 250g, $5.80, $2.32 per 100g, https://productimages.coles.com.au/productimages/4/4654009.jpg
Grape and Vine Sauvignon Blanc 750mL | 1 Each, $10.00, $13.33 per 1L, https://productimages.coles.com.au/productimages/5/5556322.jpg
Streets Paddle Pop Cyclone Ice Cream Sticks 8 pack | 688mL, $9.00, $1.31 per 100mL, https://productimages.coles.com.au/productimages/9/9368743.jpg
Canadian Club & Zero Sugar Dry Can 375mL | 6 Pack, $27.00, $12.00 per 1L, https://productimages.coles.com.au/productimages/3/3301477.jpg
Coles Joyful Crunchy Nut Bar Cashew Vanilla 170g | 1 each, $4.00, $2.35 per 100g, https://productimages.coles.com.au/productimages/5/5446404.jpg
Steggles Frozen Flaming Chicken Wing Nibbles | 1kg, $13.70, $13.70 per 1kg, https://productimages.coles.com.au/productimages/1/1873108.jpg
Golden Wok Frozen Diana Chan's Korean Beef Dumplings | 230g, $6.80, $2.96 per 100g, https://productimages.coles.com.au/productimages/3/3311506.jpg
Core Power Foods Bangers And Mash | 350g, $7.00, $2.00 per 100g, https://productimages.coles.com.au/productimages/3/3989952.jpg
Vegie Delights Plant Based Chicken Style Burgers 4 Pack | 300g, $5.85, $1.95 per 100g, https://productimages.coles.com.au/productimages/3/3218271.jpg
Streets Blue Ribbon Neapolitan Ice Cream Tub | 2L, $7.00, $0.35 per 100mL, https://productimages.coles.com.au/productimages/3/3252804.jpg
Zooper Dooper 8 Cosmic Flavours Water Ice 70mL Tubes | 24 pack, $6.50, $0.39 per 100mL, https://productimages.coles.com.au/productimages/1/198393.jpg
Creative Gourmet Frozen Pink Dragonfruit Chunks | 300g, $2.82, $9.40 per 1kg, https://productimages.coles.com.au/productimages/3/3573070.jpg
Whispers Chardonnay 750mL | 1 Each, $5.00, $6.67 per 1L, https://productimages.coles.com.au/productimages/8/8301180.jpg
Jack Daniels Double Jack & No Sugar Cans 375mL | 4 Pack, $28.00, $18.67 per 1L, https://productimages.coles.com.au/productimages/3/3875840.jpg
Streets Golden Gaytime Ice Cream Sticks 4 pack | 400mL, $6.00, $1.50 per 100mL, https://productimages.coles.com.au/productimages/9/9611648.jpg
KB's Salt & Pepper Squid | 1kg, $27.50, $27.50 per 1kg, https://productimages.coles.com.au/productimages/5/5485858.jpg
Four'N Twenty Frozen Chicken & Vegetable Pies 4 pack | 700g, $8.50, $1.21 per 100g, https://productimages.coles.com.au/productimages/5/5522422.jpg
Haagen-Dazs Ice Cream Pint Rum Salted Caramel & Biscuit 8 Pack | 457mL, $13.50, $2.95 per 100mL, https://productimages.coles.com.au/productimages/5/5936403.jpg
On The Menu Frozen Spaghetti & Meatballs Meal | 260g, $4.50, $1.73 per 100g, https://productimages.coles.com.au/productimages/1/1168886.jpg
Jameson Smooth Dry & Lime Can 375mL | 4 Pack, $30.00, $20.00 per 1L, https://productimages.coles.com.au/productimages/2/2587137.jpg
Selaks Taste Collection Honeysuckle Pinot Gris 750mL | 1 Each, $13.00, $17.33 per 1L, https://productimages.coles.com.au/productimages/5/5491158.jpg
Cradle Bay Sauvignon Blanc 750mL | 1 Each, $14.00, $18.67 per 1L, https://productimages.coles.com.au/productimages/8/8308826.jpg
McCain Frozen Mashed Potato | 1kg, $7.70, $7.70 per 1kg, https://productimages.coles.com.au/productimages/3/3412489.jpg
Bulla Creamy Classics Vanilla Sandwich 4 pack | 560mL, $9.00, $1.61 per 100mL, https://productimages.coles.com.au/productimages/3/3846140.jpg
Peters Drumstick Classic Vanilla Ice Cream Cone 16 pack | 1.9L, $20.00, $1.05 per 100mL, https://productimages.coles.com.au/productimages/7/7105051.jpg
Coles Joyful Protein Bars Vanilla Birthday Cake 190g | 1 each, $4.00, $2.11 per 100g, https://productimages.coles.com.au/productimages/5/5445682.jpg
McCain Frozen Healthy Choice Creamy Chicken Carbonara | 300g, $5.00, $1.67 per 100g, https://productimages.coles.com.au/productimages/8/8057078.jpg
Carman's Porridge Oats Sachets Cholesterol Lowering Creamy Vanilla | 200g, $5.00, $2.50 per 100g, https://productimages.coles.com.au/productimages/6/6158631.jpg
Red Tractor Low Sugar Granola Vanilla Blueberry | 450g, $6.70, $1.49 per 100g, https://productimages.coles.com.au/productimages/5/5288482.jpg
Coles Vegetable Samosas 10 Pack | 300g, $5.50, $1.83 per 100g, https://productimages.coles.com.au/productimages/2/2482081.jpg
Radiant Whites Or Colours Laundry Powder Washing Detergent | 4kg, $23.00, $5.75 per 1kg, https://productimages.coles.com.au/productimages/3/3997928.jpg
Birds Eye Snap Frozen Vegetables Peas Corn | 1 kg, $6.50, $6.50 per 1kg, https://productimages.coles.com.au/productimages/5/5072790.jpg
McCain Frozen BBQ Chicken & Pineapple Family Pizza | 500g, $8.50, $1.70 per 100g, https://productimages.coles.com.au/productimages/3/3157246.jpg
Coles Joyful Nut & Seed Bar Salted Caramel 160g | 1 each, $4.00, $2.50 per 100g, https://productimages.coles.com.au/productimages/5/5448421.jpg
Birds Eye Snap Frozen Sliced Green Beans | 1kg, $5.00, $5.00 per 1kg, https://productimages.coles.com.au/productimages/2/226783.jpg
Daley Street Dark Roast Coffee Beans | 200g, $5.50, $2.75 per 100g, https://productimages.coles.com.au/productimages/3/3956160.jpg
Golden Wok Frozen Diana Chan's Szechuan Pork Dumplings | 230g, $6.80, $2.96 per 100g, https://productimages.coles.com.au/productimages/3/3311492.jpg
Orion 75 Pilsner Can 350mL | 6 Pack, $16.00, $7.62 per 1L, https://productimages.coles.com.au/productimages/5/5438508.jpg
Coles Mi Goreng | 375g, $4.00, $1.07 per 100g, https://productimages.coles.com.au/productimages/3/3218136.jpg
Taylors One Small Step Cabernet Sauvignon 750mL | 1 Each, $12.00, $16.00 per 1L, https://productimages.coles.com.au/productimages/2/2790786.jpg
Purr Cat Food Meat Selection 27x85g | 27 pack, $22.50, $0.98 per 100g, https://productimages.coles.com.au/productimages/4/4950329.jpg
Coles Gold & Silver Stars On Wire | 1 each, $3.15, $3.15 per 1ea, https://productimages.coles.com.au/productimages/4/4149276.jpg
Coles Crepe Bandage Medium | 1 each, $5.00, $5.00 per 1ea, https://productimages.coles.com.au/productimages/3/3540026.jpg
Herbert Adams Frozen Gourmet Chunky Sous Vide Beef & Button Mushroom Pies 2 pack | 400g, $9.00, $2.25 per 100g, https://productimages.coles.com.au/productimages/1/1888310.jpg
Weight Watchers Frozen Chicken & Mushroom Fettuccine | 300g, $3.90, $1.30 per 100g, https://productimages.coles.com.au/productimages/8/8071046.jpg
Birds Eye Snap Frozen Vegetable Peas Corn | 500g, $4.00, $8.00 per 1kg, https://productimages.coles.com.au/productimages/5/5091502.jpg
Yellow Tail Cabernet Sauvignon 750mL | 1 Each, $10.00, $13.33 per 1L, https://productimages.coles.com.au/productimages/8/8269156.jpg
Coles Mini Potato Kiev Balls With Cheesy Garlic | 240g, $5.00, $2.08 per 100g, https://productimages.coles.com.au/productimages/5/5205179.jpg
Coles One Pot Beef Madras | 500g, $11.00, $22.00 per 1kg, https://productimages.coles.com.au/productimages/3/3767316.jpg
Coles Round Black Acrylic Happy Birthday Plaque | 1 each, $4.05, $4.05 per 1ea, https://productimages.coles.com.au/productimages/3/3974580.jpg
Jacob's Creek Reserve Sparkling Prosecco 750mL | 1 Each, $16.00, $2.13 per 100mL, https://productimages.coles.com.au/productimages/1/1516290.jpg
Bulla Frozen Variety Minis Yoghurt  14 pack | 506g, $8.00, $1.58 per 100g, https://productimages.coles.com.au/productimages/6/6043866.jpg
Mingle All Purpose Seasoning | 50g, $4.00, $0.80 per 10g, https://productimages.coles.com.au/productimages/3/3796530.jpg
Vodka Cruiser Pure Pineapple 275mL | 4 pack, $20.00, $1.82 per 100mL, https://productimages.coles.com.au/productimages/1/1059790.jpg
Steggles Frozen Tempura Chicken Breast Dino Snacks  | 400g, currently unavailable, currently unavailable per each, https://productimages.coles.com.au/productimages/5/5413937.jpg
Coles Carrots Batons | 500g, $2.90, $5.80 per 1kg, https://productimages.coles.com.au/productimages/2/2270276.jpg
Straten Red Mini Paper Cups | 50 pack, $4.05, $8.10 per 100ea, https://productimages.coles.com.au/productimages/4/4477639.jpg
Mingle Garlic and Herb Seasoning | 50g, $4.00, $0.80 per 10g, https://productimages.coles.com.au/productimages/3/3796562.jpg
Latina Agnolotti Sweet Potato & Parmesan Filled Pasta | 625g, $8.50, $1.36 per 100g, https://productimages.coles.com.au/productimages/4/4753340.jpg
Life Savers Sugar Value Bag Mixed Stix | 440g, $5.00, $1.14 per 100g, https://productimages.coles.com.au/productimages/6/6040529.jpg
Elastoplast Sport Rigid Strapping Tape | 1 pack, $10.00, $10.00 per 1ea, https://productimages.coles.com.au/productimages/3/3432453.jpg
Creative Gourmet Frozen Banana Chunks | 500g, $2.50, $5.00 per 1kg, https://productimages.coles.com.au/productimages/3/3059972.jpg
Steggles Frozen Chicken Dino Snacks | 1kg, $13.70, $13.70 per 1kg, https://productimages.coles.com.au/productimages/3/3088427.jpg
Connoisseur Ice Cream Roasted Hazelnut 4 Pack | 400mL, $9.50, $2.38 per 100mL, https://productimages.coles.com.au/productimages/5/5019356.jpg
Coles Original Chicken Tenders | 1kg, $11.50, $11.50 per 1kg, https://productimages.coles.com.au/productimages/5/5294576.jpg
Weight Watchers Chilli Con Carne | 330g, $3.90, $1.18 per 100g, https://productimages.coles.com.au/productimages/3/3581522.jpg
Coles Heavy Duty Fabric Strips Xl | 20 pack, $3.70, $0.19 per 1ea, https://productimages.coles.com.au/productimages/3/3540241.jpg
Golden Circle  Golden Pash Cordial  | 2L, $3.90, $1.95 per 1L, https://productimages.coles.com.au/productimages/2/2746649.jpg
Baileys Irish Cream Liqueur 700mL | 1 Each, $43.00, $61.43 per 1L, https://productimages.coles.com.au/productimages/8/8328572.jpg
Golden Circle Orange Crush Cordial | 2L, $3.90, $1.95 per 1L, https://productimages.coles.com.au/productimages/2/219223.jpg
Steggles Frozen Classic Crumb Chicken Breast Tenders | 1kg, $13.70, $13.70 per 1kg, https://productimages.coles.com.au/productimages/3/3230710.jpg
Coles One Pot Beef Bourguignon | 500g, $11.00, $22.00 per 1kg, https://productimages.coles.com.au/productimages/3/3767190.jpg
Coles Finest All Butter Gouda & Edam Seeded Straws Crackers | 100g, $3.50, $3.50 per 100g, https://productimages.coles.com.au/productimages/5/5743320.jpg
Peters Gluten Free Original Neapolitan Multi Flavoured Ice Cream Tub | 2L, $5.50, $0.28 per 100mL, https://productimages.coles.com.au/productimages/3/315690.jpg
McCain Lil Pizzas Ham & Cheese 4 Pack | 400g, $7.80, $1.95 per 100g, https://productimages.coles.com.au/productimages/5/5188353.jpg
Cadbury Baking White Chocolate Block | 180g, $3.50, $1.94 per 100g, https://productimages.coles.com.au/productimages/2/2313685.jpg
Bulla Murray Street Ice Cream Vanilla Bean | 1L, $12.00, $1.20 per 100mL, https://productimages.coles.com.au/productimages/5/5363599.jpg
Coles Joyful Protein Bar Peanut Butter 190g | 1 each, $4.00, $2.11 per 100g, https://productimages.coles.com.au/productimages/5/5445886.jpg
Coles Pain Relief Extra | 20 pack, $4.50, $0.23 per 1ea, https://productimages.coles.com.au/productimages/3/3844381.jpg
Connoisseur Ice Cream Salted Caramel 4 Pack | 400mL, $9.50, $2.38 per 100mL, https://productimages.coles.com.au/productimages/5/5019367.jpg
Quest Protein Bar Birthday Cake 4x60g | 240g, $14.50, $6.04 per 100g, https://productimages.coles.com.au/productimages/5/5081451.jpg
Somat Excellence Dishwashing Tablets | 30 pack, $18.00, $0.60 per 1ea, https://productimages.coles.com.au/productimages/4/4447300.jpg
Moro Primero Extra Virgin Olive Oil | 4L, $43.00, $1.08 per 100mL, https://productimages.coles.com.au/productimages/5/5153360.jpg
Coles Baby Sweet Corn Prepacked | 125g, $5.90, $47.20 per 1kg, https://productimages.coles.com.au/productimages/6/6920012.jpg
Coles Spinach And Kale | 300g, $5.00, $16.67 per 1kg, https://productimages.coles.com.au/productimages/3/3613120.jpg
Coles Dried Apricots | approx 100g, $1.80, $18.00 per 1kg, https://productimages.coles.com.au/productimages/8/8417220.jpg
Coles Kitchen American BBQ Slaw Kit | 400g, $5.50, $13.75 per 1kg, https://productimages.coles.com.au/productimages/3/3015977.jpg
Coles Brushed Baby Potato | 1kg, $3.00, $3.00 per 1kg, https://productimages.coles.com.au/productimages/2/2517630.jpg
Alfalfa Sprouts Prepacked | 125g, $2.40, $19.20 per 1kg, https://productimages.coles.com.au/productimages/4/4544805.jpg
Coles Dried Mango Slices | approx 100g, $2.50, $25.00 per 1kg, https://productimages.coles.com.au/productimages/1/1944206.jpg
Coles Kitchen Asian Salad Kit | 550g, $7.00, $12.73 per 1kg, https://productimages.coles.com.au/productimages/4/4989110.jpg
Mingle Spicy Mexican Seasoning | 50g, $4.00, $0.80 per 10g, https://productimages.coles.com.au/productimages/3/3796610.jpg
Coles Quinces Medium | approx 200g, $1.38, $6.90 per 1kg, https://productimages.coles.com.au/productimages/4/410115.jpg
Dynamo Profession 7 In 1 Laundry Liquid | 3.6L, $26.00, $7.22 per 1L, https://productimages.coles.com.au/productimages/3/3774810.jpg
Coles Black Seedless Grapes Prepacked | 500g, $5.00, $10.00 per 1kg, https://productimages.coles.com.au/productimages/1/1170276.jpg
Strepsil Herbal Blocked Nose Sore Throat Honey Lemon | 32 pack, $11.50, $0.36 per 1ea, https://productimages.coles.com.au/productimages/6/6127241.jpg
Mckenzie's White Beans | 375g, $2.30, $0.61 per 100g, https://productimages.coles.com.au/productimages/1/1717703.jpg
Coles Ambrosia Apples | approx 170g, $0.83, $4.90 per 1kg, https://productimages.coles.com.au/productimages/6/6536535.jpg
Street Pepperoni Pizza | 345g, $8.60, $2.49 per 100g, https://productimages.coles.com.au/productimages/3/3857725.jpg
Coles Kitchen Stir Fry Superfood | 250g, $3.50, $14.00 per 1kg, https://productimages.coles.com.au/productimages/5/5541562.jpg
Coles Roast Salted Macadamias | 400g, $18.00, $45.00 per 1kg, https://productimages.coles.com.au/productimages/4/4502430.jpg
Coles Cranberries | approx 100g, $2.20, $22.00 per 1kg, https://productimages.coles.com.au/productimages/8/8412067.jpg
Coles Fruit & Nut Mix | 400g, $4.00, $10.00 per 1kg, https://productimages.coles.com.au/productimages/2/2150365.jpg
Coles Glitter Number Candle No 7 | 1 each, $1.40, $1.40 per 1ea, https://productimages.coles.com.au/productimages/3/3987571.jpg
Coles Kitchen Carrot & Broccoli Florets | 150g, $2.00, $13.33 per 1kg, https://productimages.coles.com.au/productimages/2/2674650.jpg
Crunchy Combo Sprouts | 200g, $2.40, $12.00 per 1kg, https://productimages.coles.com.au/productimages/4/4544849.jpg
Coles Drumhead Cabbage Mini | 1 each, $6.50, $6.50 per 1ea, https://productimages.coles.com.au/productimages/1/1475874.jpg
Coles Heavy Duty Large Gloves | 1 Pack, $3.85, $3.85 per 1ea, https://productimages.coles.com.au/productimages/2/2781912.jpg
Golden Circle Lemon Cordial | 2L, $3.90, $1.95 per 1L, https://productimages.coles.com.au/productimages/2/2107515.jpg
Coles Happy Birthday Acrylic Plaque Gold & Silver | 1 each, $4.50, $4.50 per 1ea, https://productimages.coles.com.au/productimages/3/3669011.jpg
Coles Organic Zucchini | 500g, $6.00, $12.00 per 1kg, https://productimages.coles.com.au/productimages/5/5032219.jpg
Black Swan Dip Taramosalata | 200g, $4.00, $2.00 per 100g, https://productimages.coles.com.au/productimages/9/9580715.jpg
Coles Finest All Butter Cheese & Onion Pinwheel Crackers | 90g, $3.50, $3.89 per 100g, https://productimages.coles.com.au/productimages/5/5743396.jpg
Natural Delights Medjool Dates Prepacked | 454g, $9.00, $19.82 per 1kg, https://productimages.coles.com.au/productimages/8/8922802.jpg
Coles Roasted & Salted Peanuts | 800g, $7.00, $8.75 per 1kg, https://productimages.coles.com.au/productimages/4/4714825.jpg
Coles Mix-A-Mato Grape Tomatoes | 300g, $5.90, $19.67 per 1kg, https://productimages.coles.com.au/productimages/3/3835890.jpg
Coles Kitchen 8 Leaf Blend | 170g, $3.50, $20.59 per 1kg, https://productimages.coles.com.au/productimages/4/4462380.jpg
Notco Notmilk Original Plant Based Milk | 1L, $2.40, $2.40 per 1L, https://productimages.coles.com.au/productimages/5/5639248.jpg
Coles Cos Lettuce Head | 1 each, $3.20, $3.20 per 1ea, https://productimages.coles.com.au/productimages/8/8791125.jpg
Coles Organic Sweet Corn | 3 pack, $7.00, $2.33 per 1ea, https://productimages.coles.com.au/productimages/2/2985377.jpg
Coles Chocolate Pretzels | approx 100g, $3.00, $30.00 per 1kg, https://productimages.coles.com.au/productimages/3/3019989.jpg
Coles Kitchen Classic Vegetable Stir Fry | 750g, $6.50, $8.67 per 1kg, https://productimages.coles.com.au/productimages/4/4462223.jpg
Coles Red Chillies | 50g, $3.80, $76.00 per 1kg, https://productimages.coles.com.au/productimages/1/1501635.jpg
Dairy Farmers Pure Cream | 300mL, $3.15, $1.05 per 100mL, https://productimages.coles.com.au/productimages/5/5096357.jpg
Frys Meat Free Chicken Stars & Moons | 300g, $5.00, $16.67 per 1kg, https://productimages.coles.com.au/productimages/5/5151025.jpg
Coles Kitchen Coleslaw Salad | 250g, $3.50, $14.00 per 1kg, https://productimages.coles.com.au/productimages/3/3016302.jpg
Dairy Farmers Thick & Creamy Apricot Vanilla Yoghurt | 150g, $1.80, $1.20 per 100g, https://productimages.coles.com.au/productimages/3/3242786.jpg
Artwrap Colour Flame Candles | 10 pack, $3.75, $0.38 per 1ea, https://productimages.coles.com.au/productimages/4/4256968.jpg
Cornish Sea Salt Crystals | 400g, $9.00, $0.23 per 10g, https://productimages.coles.com.au/productimages/5/5119306.jpg
Coles Pretzels | approx 100g, $1.80, $18.00 per 1kg, https://productimages.coles.com.au/productimages/8/8726360.jpg
Difflam Plus Triple Action Wildberry | 32 pack, $15.00, $0.47 per 1ea, https://productimages.coles.com.au/productimages/6/6134860.jpg
Coles Baby Oak Lettuce | 150g, $3.50, $23.33 per 1kg, https://productimages.coles.com.au/productimages/5/5427352.jpg
Birds Eye Broccoli- Cauli- Garlic & Parsley Veggie Rice | 500g, $4.95, $9.90 per 1kg, https://productimages.coles.com.au/productimages/4/4204283.jpg
Coles Brushed Potatoes | 4kg, $9.00, $2.25 per 1kg, https://productimages.coles.com.au/productimages/3/3958530.jpg
Coles Organic Butternut Pumpkin | approx 500g, $2.75, $5.50 per 1kg, https://productimages.coles.com.au/productimages/3/3119190.jpg
Gourmet Garden Garlic Cold Blende Paste Value Pack | 120g, $5.00, $0.42 per 10g, https://productimages.coles.com.au/productimages/3/3308498.jpg
Coles Tomatoes Kumato | 500g, $7.90, $15.80 per 1kg, https://productimages.coles.com.au/productimages/8/8933048.jpg
Coles Australian Pecans Nut | 400g, $12.00, $30.00 per 1kg, https://productimages.coles.com.au/productimages/2/2147087.jpg
Coles Glitter Number Candle No 9 | 1 each, $1.40, $1.40 per 1ea, https://productimages.coles.com.au/productimages/3/3987593.jpg
Yoplait Vanilla Yoghurt 6x160g | 960g, $6.00, $0.63 per 100g, https://productimages.coles.com.au/productimages/3/3619534.jpg
Coles Kitchen Family Vegetable Medley | 750g, $6.75, $9.00 per 1kg, https://productimages.coles.com.au/productimages/3/3878736.jpg
Chobani Vanilla Yoghurt Pouch | 140g, $2.00, $1.43 per 100g, https://productimages.coles.com.au/productimages/3/3088110.jpg
Dairy Farmers Thick & Creamy Yoghurt Vanilla | 440g, $4.40, $1.00 per 100g, https://productimages.coles.com.au/productimages/4/4339599.jpg
Chobani No Sugar Added Yogurt Mango Passionfruit | 150g, $2.50, $1.67 per 100g, https://productimages.coles.com.au/productimages/5/5937610.jpg
Otrivin Breathe Clean Nasal Spray | 50mL, $10.20, $20.40 per 100mL, https://productimages.coles.com.au/productimages/5/5004520.jpg
Five:AM Organic Vanilla Bean Yoghurt | 700g, $7.00, $1.00 per 100g, https://productimages.coles.com.au/productimages/1/1436125.jpg
Coles Chef Blend Tender Leaf Blend | 150g, $3.50, $23.33 per 1kg, https://productimages.coles.com.au/productimages/4/4759404.jpg
Gippsland Dairy Twist Yoghurt Limited Edition | 160g, $3.00, $1.88 per 100g, https://productimages.coles.com.au/productimages/3/3477815.jpg
Coles Spreadable Light Cream Cheese Tub | 250g, $3.10, $12.40 per 1kg, https://productimages.coles.com.au/productimages/8/8588926.jpg
Bega Light & Tasty Natural Cheese Slices 12x250g | 250g, $7.00, $28.00 per 1kg, https://productimages.coles.com.au/productimages/9/9400960.jpg
Coles Portobello Brown Mushrooms | 375g, $9.50, $25.33 per 1kg, https://productimages.coles.com.au/productimages/2/2829509.jpg
Coles Organic Baby Salad Leaves Lettuce Mix | 100g, $4.90, $49.00 per 1kg, https://productimages.coles.com.au/productimages/2/2724760.jpg
Castello Blue Cheese | 150g, $6.50, $43.34 per 1kg, https://productimages.coles.com.au/productimages/2/212188.jpg
Dairy Farmers Thick & Creamy Classic Vanilla Yoghurt | 150g, $1.80, $1.20 per 100g, https://productimages.coles.com.au/productimages/1/1198548.jpg
Chobani Oat Milk Barista Edition | 1L, $5.00, $5.00 per 1L, https://productimages.coles.com.au/productimages/5/5443825.jpg
Coles Organic Broccoli | 500g, $6.00, $12.00 per 1kg, https://productimages.coles.com.au/productimages/3/3048820.jpg
Dare Double Espresso Iced Coffee | 750mL, $3.80, $5.07 per 1L, https://productimages.coles.com.au/productimages/3/3034020.jpg
Coles Chopped Kale | 140g, $3.00, $21.43 per 1kg, https://productimages.coles.com.au/productimages/2/2674606.jpg
Gippsland Dairy Boysenberry Twist Yoghurt | 160g, $3.00, $1.88 per 100g, https://productimages.coles.com.au/productimages/2/2745395.jpg
Coles Kitchen Chicken & Mayo Sandwich | 123g, $4.80, $3.90 per 100g, https://productimages.coles.com.au/productimages/5/5627704.jpg
Coles Sweet Chilli & Lime Soy Crisps | 400g, $6.00, $15.00 per 1kg, https://productimages.coles.com.au/productimages/3/3505444.jpg
Gippsland Dairy Toffee & Honeycomb Twist Yoghurt | 160g, $3.00, $1.88 per 100g, https://productimages.coles.com.au/productimages/1/1436420.jpg
Coles Royal Blue Potatoes | 2kg, $7.50, $3.75 per 1kg, https://productimages.coles.com.au/productimages/5/5952272.jpg
Coles Kitchen Family Ranch Salad Kit | 400g, $5.50, $13.75 per 1kg, https://productimages.coles.com.au/productimages/3/3858943.jpg
Wicked Sister Creame Caramel Vanilla 2x150g | 300g, $4.40, $1.47 per 100g, https://productimages.coles.com.au/productimages/3/3835595.jpg
Coles Green Chillies | 50g, $3.80, $76.00 per 1kg, https://productimages.coles.com.au/productimages/1/1501351.jpg
Coles Dairy Cheese Brie Wrapped | 125g, $3.00, $24.00 per 1kg, https://productimages.coles.com.au/productimages/6/6169489.jpg
Coles Roasted Peanuts In Shell | 500g, $5.00, $10.00 per 1kg, https://productimages.coles.com.au/productimages/2/2751988.jpg
Yoplait Petit Miam Strawberry & Banana | 70g, $0.80, $1.14 per 100g, https://productimages.coles.com.au/productimages/3/3830897.jpg
Jalna Pouch Of Purity Organic Blueberry Yoghurt | 100g, $1.95, $1.95 per 100g, https://productimages.coles.com.au/productimages/3/3536561.jpg
Coles Yoghurt High Protein | 900g, $6.00, $0.67 per 100g, https://productimages.coles.com.au/productimages/3/3866894.jpg
Chobani Minis Yogurt Orange Blast Mango Orange Pouch | 110g, $0.90, $0.82 per 100g, https://productimages.coles.com.au/productimages/4/4514611.jpg
Gippsland Dairy Mango & Blood Orange Twist Yoghurt | 160g, $3.00, $1.88 per 100g, https://productimages.coles.com.au/productimages/9/9907940.jpg
Coles Kitchen Green Goddess Salad Kit | 350g, $5.50, $15.71 per 1kg, https://productimages.coles.com.au/productimages/3/3858896.jpg
Bega Dairy Tasty Grated Cheese | 500g, $9.50, $19.00 per 1kg, https://productimages.coles.com.au/productimages/6/6576347.jpg
Bega Strong & Bitey Dairy Cheese Vintage Block | 500g, $9.50, $19.00 per 1kg, https://productimages.coles.com.au/productimages/5/5369052.jpg
Flora ProActiv Margarine Spread Original | 750g, $12.00, $1.60 per 100g, https://productimages.coles.com.au/productimages/1/1991953.jpg
Bulla Dairy Low Fat Plain Cottage Cheese | 500g, $6.00, $12.00 per 1kg, https://productimages.coles.com.au/productimages/3/394008.jpg
Bega Tasty Cheese Block | 250g, $7.00, $28.00 per 1kg, https://productimages.coles.com.au/productimages/2/296712.jpg
Hunt & Brew Extra Creamy Milk | 1L, $3.95, $3.95 per 1L, https://productimages.coles.com.au/productimages/4/4163903.jpg
Chobani Oat Milk Chocolate | 1L, $5.00, $5.00 per 1L, https://productimages.coles.com.au/productimages/5/5638610.jpg
Dermal Therapy Ultra Moisturising Lip Balm | 10g, $3.60, $36.00 per 100g, https://productimages.coles.com.au/productimages/3/3240984.jpg
Vicks VapoDrops Original Menthol Lozenges | 24 pack, $5.90, $0.25 per 1ea, https://productimages.coles.com.au/productimages/8/8161706.jpg
Garnier Micellar Cleansing Wipes | 25 pack, $5.60, $0.22 per 1ea, https://productimages.coles.com.au/productimages/2/2428600.jpg
Head & Shoulders Conditioner Smooth & Silky | 660mL, $10.50, $1.59 per 100mL, https://productimages.coles.com.au/productimages/3/3980255.jpg
Coles Antibacterial Hand Wash Lime Fresh | 250mL, $2.40, $0.96 per 100mL, https://productimages.coles.com.au/productimages/2/2292858.jpg
Coles Bubble Bath  | 1L, $2.50, $0.25 per 100mL, https://productimages.coles.com.au/productimages/8/8432858.jpg
Pantene  Micellar Rose Water Shampoo | 530mL, $9.00, $1.70 per 100mL, https://productimages.coles.com.au/productimages/3/3724175.jpg
Mainland Organic Salted Butter | 250g, $4.50, $1.80 per 100g, https://productimages.coles.com.au/productimages/1/1708076.jpg
Coles Australian Tasty Cheese Slices 12 Pack | 250g, $5.00, $20.00 per 1kg, https://productimages.coles.com.au/productimages/1/1472231.jpg
Clearblue Visual Early Detection Pregnancy Test Kit | 3 pack, $16.00, $5.33 per 1ea, https://productimages.coles.com.au/productimages/3/3428037.jpg
Dilmah Extra Strength Pure Ceylon Bags 200 Pack | 480g, $12.50, $0.06 per 1ea, https://productimages.coles.com.au/productimages/5/5059237.jpg
Colgate Total Mint Waxed Dental Floss | 100metre, $5.60, $0.06 per 1M, https://productimages.coles.com.au/productimages/5/5919153.jpg
Sanitarium Natural Smooth Peanut Butter Spread | 375g, $3.50, $0.93 per 100g, https://productimages.coles.com.au/productimages/5/5796847.jpg
Advil Tablets 200mg Ibuprofen Pain & Fever Relief | 24 pack, $4.50, $0.19 per 1ea, https://productimages.coles.com.au/productimages/4/4515126.jpg
Tetley Decaffeinated Black Tea Bags 100 pack | 185g, $6.90, $0.07 per 1ea, https://productimages.coles.com.au/productimages/8/8959948.jpg
Coles Alcohol Wipes | 50 pack, $2.50, $0.05 per 1ea, https://productimages.coles.com.au/productimages/2/2855892.jpg
Nivea Body Firming Lotion Q10+ | 400mL, $11.00, $2.75 per 100mL, https://productimages.coles.com.au/productimages/7/7200019.jpg
Maggie Beer Natural Chicken Stock | 1L, $9.00, $0.90 per 100mL, https://productimages.coles.com.au/productimages/5/5154679.jpg
Libra Cotton Pads Super Wings | 10 pack, $3.85, $0.39 per 1ea, https://productimages.coles.com.au/productimages/4/4185790.jpg
Herron Gold Paracetamol Tabsules Bottle | 20 pack, $4.00, $4.00 per 1ea, https://productimages.coles.com.au/productimages/1/1486021.jpg
Colgate Plax Fresh Mint Mouthwash | 60mL, $1.35, $2.25 per 100mL, https://productimages.coles.com.au/productimages/3/3770660.jpg
Coles Biodegradable Moisturising 3 In 1 Facial Cleansing Wipes | 30 pack, $1.80, $0.06 per 1ea, https://productimages.coles.com.au/productimages/4/4339307.jpg
Stayfree Ultra Thin All Nights Pads With Wings | 10 pack, $6.00, $0.60 per 1ea, https://productimages.coles.com.au/productimages/5/5189276.jpg
Green's Pancake Shake Mix Original | 200g, $2.20, $1.10 per 100g, https://productimages.coles.com.au/productimages/5/5318594.jpg
Sensodyne Sensitive Teeth Pain Repair & Protect Extra Fresh Toothpaste | 100g, $8.60, $8.60 per 100g, https://productimages.coles.com.au/productimages/9/9960749.jpg
Advil Liquid Capsules Fast Ibuprofen Pain & Fever Relief | 20 pack, $5.75, $0.29 per 1ea, https://productimages.coles.com.au/productimages/9/9677715.jpg
Stayfree Ultra Thin Super Pads With Wings | 12 pack, $6.00, $0.50 per 1ea, https://productimages.coles.com.au/productimages/8/8090970.jpg
Hismile Toothpaste Peach Iced | 60g, $13.00, $21.67 per 100g, https://productimages.coles.com.au/productimages/5/5566290.jpg
Whittaker's Peanut Butter Block Chocolate | 250g, $6.90, $2.76 per 100g, https://productimages.coles.com.au/productimages/5/5103270.jpg
Palmolive Naturals Coconut Body Wash | 500mL, $3.90, $0.78 per 100mL, https://productimages.coles.com.au/productimages/4/4310134.jpg
Dettol 2 in 1 Hands and Surfaces Antibacterial 15 Wipes | 1 pack, $2.40, $2.40 per 1ea, https://productimages.coles.com.au/productimages/3/3013632.jpg
OC Naturals 2 In 1 Ani-Dandruff Conditioning Shampoo | 400mL, $1.85, $0.46 per 100mL, https://productimages.coles.com.au/productimages/6/6848844.jpg
Green's Pancake Shake Mix Maple Syrup | 325g, $3.50, $1.08 per 100g, https://productimages.coles.com.au/productimages/8/8043380.jpg
Selsun Gold Anti Dandruff Shampoo Treatment | 200mL, $5.65, $2.83 per 100mL, https://productimages.coles.com.au/productimages/9/9695590.jpg
Promite Spread | 290g, $4.90, $1.69 per 100g, https://productimages.coles.com.au/productimages/2/224959.jpg
Gravox Traditional Family Pack Gravy Pouch | 250g, $4.00, $1.60 per 100g, https://productimages.coles.com.au/productimages/6/6842837.jpg
Gravox Traditional Gravy Mix | 425g, $6.30, $1.48 per 100g, https://productimages.coles.com.au/productimages/1/121151.jpg
Jordans Crispy Oat Clusters Chunky Nut | 500g, $8.50, $1.70 per 100g, https://productimages.coles.com.au/productimages/1/1315346.jpg
Baileys Australian Rivermint Chocolate Liqueur 700mL | 1 Each, $29.00, $41.43 per 1L, https://productimages.coles.com.au/productimages/5/5697696.jpg
Just Pink Gin Soda 330mL | 4 Pack, $19.00, $14.39 per 1L, https://productimages.coles.com.au/productimages/3/3836510.jpg
Lucas Papaw Ointment Lip Tube | 15g, $5.60, $37.34 per 100g, https://productimages.coles.com.au/productimages/1/1477916.jpg
Stone & Wood Pacific Ale Bottle 330mL | 24 Pack, $78.00, $0.98 per 100mL, https://productimages.coles.com.au/productimages/7/7678295.jpg
Coles Multi Angle Soft Toothbrush | 2 pack, $2.00, $1.00 per 1ea, https://productimages.coles.com.au/productimages/2/2606606.jpg
Grinders Rich & Bold Espresso Coffee Beans | 1kg, $24.50, $2.45 per 100g, https://productimages.coles.com.au/productimages/2/2686933.jpg
Beach Road Naturals Paw Paw Extract Castile Body Bar | 150g, $2.10, $1.40 per 100g, https://productimages.coles.com.au/productimages/4/4884541.jpg
Nurofen Pain And Inflammation Relief Tablets 200mg Ibuprofen | 12 pack, $4.00, $0.33 per 1ea, https://productimages.coles.com.au/productimages/9/9678048.jpg
Colgate Total Advanced Fresh Multi Benefit Toothpaste | 200g, $7.00, $3.50 per 100g, https://productimages.coles.com.au/productimages/3/3400912.jpg
Nivea Deo Aero Men Black And White Max Protection | 250mL, $8.50, $3.40 per 100mL, https://productimages.coles.com.au/productimages/4/4474313.jpg
Nestle Aero Hot Chocolate | 10 pack, $7.00, $0.70 per 1ea, https://productimages.coles.com.au/productimages/3/3735400.jpg
Colgate Total Mouthwash Refreshing Clear Mint | 500mL, $10.00, $2.00 per 100mL, https://productimages.coles.com.au/productimages/5/5919200.jpg
Wonder Mini Loaf White Sandwich Vit Min | 320g, $3.40, $1.06 per 100g, https://productimages.coles.com.au/productimages/3/3860901.jpg
Andrew Garrett Sparkling Shiraz 750mL | 1 Each, $19.00, $25.33 per 1L, https://productimages.coles.com.au/productimages/8/8230219.jpg
Pure Origin Tasmanian Vodka 700mL | 1 Each, $55.00, $78.57 per 1L, https://productimages.coles.com.au/productimages/3/3942020.jpg
Smithy's Dry Lager Bottle 330mL | 24 Pack, $43.00, $5.43 per 1L, https://productimages.coles.com.au/productimages/4/4310917.jpg
Listerine Zero Alcohol Antibacterial Mouthwash Less Intense Taste | 500mL, $4.90, $0.98 per 100mL, https://productimages.coles.com.au/productimages/8/8150277.jpg
Blackmores Fish Oil 1000mg Omega-3 Capsules | 400 pack, $40.00, $10.00 per 100ea, https://productimages.coles.com.au/productimages/4/4941770.jpg
Twinings Pure Green Tea Bags 100 pack | 150g, $6.75, $0.07 per 1ea, https://productimages.coles.com.au/productimages/6/6816666.jpg
Coles Choc Chip Banana Bread Slices 5 Pack | 500g, $6.50, $1.30 per 100g, https://productimages.coles.com.au/productimages/3/3633681.jpg
Nature's Way Vita Gummies Vitamin C | 120 pack, $11.50, $0.10 per 1ea, https://productimages.coles.com.au/productimages/9/9114268.jpg
Nurofen Zavance Fast Pain Relief Tablets 256mg Ibuprofen | 12 pack, $4.50, $0.38 per 1ea, https://productimages.coles.com.au/productimages/6/6841153.jpg
Oral B Dental Science Densify Daily Protect Toothpaste | 90g, $10.00, $11.11 per 100g, https://productimages.coles.com.au/productimages/5/5930087.jpg
Palmolive Naturals 2 in 1 Antidandruff Shampoo & Conditioner | 350mL, $3.00, $0.86 per 100mL, https://productimages.coles.com.au/productimages/2/2663450.jpg
Bosistos Desert Lime & Eucalyptus Hand Wash Pump | 500mL, $9.00, $1.80 per 100mL, https://productimages.coles.com.au/productimages/4/4309827.jpg
Dettol Antibacterial Liquid Hand Wash Refresh Refill | 950mL, $8.00, $0.84 per 100mL, https://productimages.coles.com.au/productimages/1/1878859.jpg
Gravox Best Ever Chip Liquid Gravy Pouch | 165g, $2.80, $1.70 per 100g, https://productimages.coles.com.au/productimages/9/9233675.jpg
Coles Bakery Soy & Linseed Panini | 3 pack, $3.75, $1.25 per 1ea, https://productimages.coles.com.au/productimages/3/3597883.jpg
Mayfair London Dry Gin 700mL | 1 Each, $59.00, $84.29 per 1L, https://productimages.coles.com.au/productimages/4/4145468.jpg
Blackmores Odourless Fish Oil Omega-3 Capsules | 200 pack, $25.00, $12.50 per 100ea, https://productimages.coles.com.au/productimages/6/6294651.jpg
Coles Liquid Stock Real Beef | 1L, $1.90, $0.19 per 100mL, https://productimages.coles.com.au/productimages/7/7152062.jpg
Palmolive Anti-Stress Shower Gel | 1L, $10.00, $1.00 per 100mL, https://productimages.coles.com.au/productimages/7/7556695.jpg
Just Rooibos African Tea Bags 40 pack | 100g, $7.00, $0.18 per 1ea, https://productimages.coles.com.au/productimages/9/9161122.jpg
Coles Tiramisu Pot | 2 pack, $6.00, $3.00 per 1ea, https://productimages.coles.com.au/productimages/3/3877595.jpg
Mayver's Smooth Peanut Butter | 750g, $9.80, $1.31 per 100g, https://productimages.coles.com.au/productimages/5/5459530.jpg
Colgate Max Fresh Coolmint Toothpaste | 115g, $3.25, $2.83 per 100g, https://productimages.coles.com.au/productimages/4/4842428.jpg
Coles Antibacterial Hand Wash Sweet Orange | 250mL, $2.40, $0.96 per 100mL, https://productimages.coles.com.au/productimages/2/2292927.jpg
Palmolive Lime & Mint Foaming Liquid Hand Wash Refill | 1L, $8.50, $0.85 per 100mL, https://productimages.coles.com.au/productimages/3/3014566.jpg
Mildara Limestone Coast Cabernet Shiraz 750mL | 1 Each, $24.00, $32.00 per 1L, https://productimages.coles.com.au/productimages/3/3312520.jpg
Libra Ultra Thin Super Pads With Wings | 18 pack, $6.40, $0.36 per 1ea, https://productimages.coles.com.au/productimages/3/3293175.jpg
Coles Pure Australian Honey Jar | 500g, $6.50, $1.30 per 100g, https://productimages.coles.com.au/productimages/2/2912511.jpg
Coles Country Loaf Mixed Grain | 850g, $3.90, $0.46 per 100g, https://productimages.coles.com.au/productimages/2/2649493.jpg
Coles New York Style Baked Cheesecake | 640g, $14.00, $2.19 per 100g, https://productimages.coles.com.au/productimages/2/2108992.jpg
Gravox Gravy Pepper | 140g, $5.00, $0.36 per 10g, https://productimages.coles.com.au/productimages/6/6046638.jpg
Bega Cream Cheese Spread Original | 500g, $7.00, $14.00 per 1kg, https://productimages.coles.com.au/productimages/1/1744739.jpg
Gravox Brown Onion Gravy | 165g, $2.80, $0.17 per 10g, https://productimages.coles.com.au/productimages/4/4443579.jpg
Helgas Mini Loaf Traditional Wholemeal | 360g, $3.90, $1.08 per 100g, https://productimages.coles.com.au/productimages/3/3860887.jpg
Coles Bakery High Fibre Low Gi White Sandwich Loaf | 330g, $2.50, $0.76 per 100g, https://productimages.coles.com.au/productimages/2/2941203.jpg
Arkadia Vanilla Chai Tea | 240g, $7.00, $2.92 per 100g, https://productimages.coles.com.au/productimages/7/7490178.jpg
Gravox Supreme Gravy Mix  | 425g, $6.30, $1.48 per 100g, https://productimages.coles.com.au/productimages/1/121173.jpg
Nivea 3 In 1 Gentle Cleansing Facial Wipes Dry & Sensitive Skin | 25 pack, $8.50, $0.34 per 1ea, https://productimages.coles.com.au/productimages/9/9357747.jpg
Red Tractor Organic Instant Oats | 1kg, $7.50, $0.75 per 100g, https://productimages.coles.com.au/productimages/3/3185300.jpg
Laurent Patisserie Lemon Meringue | 2 pack, $7.00, $3.50 per 1ea, https://productimages.coles.com.au/productimages/3/3375826.jpg
Coles Smooth Peanut Butter | 980g, $6.50, $0.66 per 100g, https://productimages.coles.com.au/productimages/3/3835915.jpg
Devilish Pinot Noir 750mL | 1 Each, $25.00, $33.33 per 1L, https://productimages.coles.com.au/productimages/5/5028652.jpg
Coles Bakery Coconut Drops | 12 pack, $4.50, $0.38 per 1ea, https://productimages.coles.com.au/productimages/2/2591940.jpg
Coles Country Loaf White | 750g, $3.90, $0.52 per 100g, https://productimages.coles.com.au/productimages/2/2649471.jpg
Difflam Sore Throat Spray Forte | 15mL, $17.00, $113.34 per 100mL, https://productimages.coles.com.au/productimages/3/3411613.jpg
Greens Choc chip & Butter Milk Pancake Shake | 335g, $4.50, $1.34 per 100g, https://productimages.coles.com.au/productimages/3/3765649.jpg
Coles Dreams Crumb True New York Chocolate Chip Cookies | 4 pack, $5.00, $1.25 per 1ea, https://productimages.coles.com.au/productimages/5/5486282.jpg
Coles Bakery Stone Baked Wholemeal Pane Di Casa Loaf | 1 each, $5.00, $5.00 per 1ea, https://productimages.coles.com.au/productimages/2/2061196.jpg
Coles Carrot Cake | 400g, $5.50, $1.38 per 100g, https://productimages.coles.com.au/productimages/5/5577016.jpg
Helga's Gluten Free Mixed Grain Bread | 500g, $6.70, $1.34 per 100g, https://productimages.coles.com.au/productimages/3/3237968.jpg
Coles Rocky Road | 250g, $6.40, $2.56 per 100g, https://productimages.coles.com.au/productimages/4/4230920.jpg
Coles Muffin Choc Chip | 1 each, $1.65, $1.65 per 1ea, https://productimages.coles.com.au/productimages/2/2611253.jpg
Simson's Pantry Preservative Free Mixed Wholegrain Large Wraps 8 Pack | 528g, $5.00, $0.95 per 100g, https://productimages.coles.com.au/productimages/5/5202104.jpg
Coles I'M Free From White Loaf | 500g, $5.70, $1.14 per 100g, https://productimages.coles.com.au/productimages/3/3216673.jpg
Burgen Lower Carb Sunflower & Linseed Bread | 660g, $7.00, $1.06 per 100g, https://productimages.coles.com.au/productimages/4/4406131.jpg
Coles Bakery Low Gi 7 Seeds & Grains Vienna Bread Loaf | 1 each, $3.00, $3.00 per 1ea, https://productimages.coles.com.au/productimages/8/8951390.jpg
Coles Demineralised Water | 2L, $2.00, $1.00 per 1L, https://productimages.coles.com.au/productimages/5/5173301.jpg
Bref Deluxe Delicate Magnolia Twin Pack | 100g, $11.00, $11.00 per 100g, https://productimages.coles.com.au/productimages/4/4224360.jpg
Abe's Bagels Low Carb 4 pack | 360g, $5.50, $1.53 per 100g, https://productimages.coles.com.au/productimages/4/4984648.jpg
Coles Bakery Dark Fruit Cake | 800g, $6.50, $0.81 per 100g, https://productimages.coles.com.au/productimages/7/7864744.jpg
Mr Kipling Caramel Bakewell 6 Pack | 230g, $6.50, $2.83 per 100g, https://productimages.coles.com.au/productimages/6/6177385.jpg
Domestos Regular Disinfectant | 1.25L, $6.60, $0.53 per 100mL, https://productimages.coles.com.au/productimages/5/5075460.jpg
Buttercup Country Split White Bread | 450g, $4.00, $0.89 per 100g, https://productimages.coles.com.au/productimages/2/212790.jpg
Coles Cleaner Bath & Shower | 750mL, $2.75, $0.37 per 100mL, https://productimages.coles.com.au/productimages/1/1968419.jpg
Coles Bakery Sultana Scones | 6 pack, $6.00, $1.00 per 1ea, https://productimages.coles.com.au/productimages/8/8601820.jpg
Fab Sunshine Fresh Top & Front Loader Laundry Powder | 4kg, $14.50, $3.63 per 1kg, https://productimages.coles.com.au/productimages/2/2463350.jpg
Jex Steel Wool Scourer Soap Pad | 5 pack, $2.00, $0.40 per 1ea, https://productimages.coles.com.au/productimages/1/112070.jpg
Coles Salted Caramel & White Chocolate Cookies | 6 Pack, $3.50, $0.58 per 1ea, https://productimages.coles.com.au/productimages/3/3295636.jpg
Coles Lemon Slice | 175g, $4.30, $2.46 per 100g, https://productimages.coles.com.au/productimages/1/1387165.jpg
Meb Khobz Hi Protein Low Carb 4 pack | 320g, $3.80, $1.19 per 100g, https://productimages.coles.com.au/productimages/5/5862748.jpg
Nestwell Bathtub Pillow | 1 each, $5.99, $5.99 per 1ea, https://productimages.coles.com.au/productimages/6/6259592.jpg
Harpic Citrus White & Shine Bleach Gel | 450mL, $3.50, $0.78 per 100mL, https://productimages.coles.com.au/productimages/5/5179024.jpg
Coles Air Freshener Lavender & Aromatic Sage | 150g, $2.70, $1.80 per 100g, https://productimages.coles.com.au/productimages/2/2682466.jpg
Surf Laundry Liquid | 2L, $9.00, $4.50 per 1L, https://productimages.coles.com.au/productimages/3/3524358.jpg
Geelong Brush Upright Dustpan | 1 each, $12.00, $12.00 per 1ea, https://productimages.coles.com.au/productimages/3/3164117.jpg
Chux Heavy Duty Scourer Sponge | 3 pack, $3.50, $1.17 per 1ea, https://productimages.coles.com.au/productimages/9/9672198.jpg
Cadbury Dairy Milk Chocolate Roll Pack | 55g, $2.00, $3.64 per 100g, https://productimages.coles.com.au/productimages/5/5072676.jpg
Coles Happy Gut Wholemeal | 700g, $3.30, $0.47 per 100g, https://productimages.coles.com.au/productimages/4/4727962.jpg
Coles Plastic Spout Bucket | 1 each, $2.00, $2.00 per 1ea, https://productimages.coles.com.au/productimages/4/4167391.jpg
Coles Happy Gut Multigrain | 700g, $3.30, $0.47 per 100g, https://productimages.coles.com.au/productimages/4/4727995.jpg
Coles Mini Pizza Bases | 280g, $3.90, $1.39 per 100g, https://productimages.coles.com.au/productimages/4/4402505.jpg
Coles Bakery White Cobb | 1 each, $3.00, $3.00 per 1ea, https://productimages.coles.com.au/productimages/6/6530700.jpg
Vitality Ryegrid Sourdough | 700g, $5.50, $0.79 per 100g, https://productimages.coles.com.au/productimages/1/1358123.jpg
Coles Stonebaked By Laurent Sesame Sourdough Garlic Bread | 1 each, $4.00, $4.00 per 1ea, https://productimages.coles.com.au/productimages/3/3694212.jpg
Smith's Sweet Chilli And Sour Cream Thinly Cut Potato Chips | 175g, $3.00, $1.71 per 100g, https://productimages.coles.com.au/productimages/2/2845957.jpg
Coles Laundry Liquid Gold Top & Front | 2L, $6.20, $3.10 per 1L, https://productimages.coles.com.au/productimages/3/3888117.jpg
Coles Alkaline AAA | 24 pack, $14.00, $0.58 per 1ea, https://productimages.coles.com.au/productimages/3/3858626.jpg
Palmolive Dishwashing Liquid Ultra Australian Extracts Lemon Myrtle & Davidson Plum | 750mL, $7.50, $1.00 per 100mL, https://productimages.coles.com.au/productimages/6/6132977.jpg
OMO F&T Liquid Tropical Moment | 2L, $26.00, $13.00 per 1L, https://productimages.coles.com.au/productimages/5/5486522.jpg
Coles Nylon Scourers | 5 pack, $0.60, $0.12 per 1ea, https://productimages.coles.com.au/productimages/4/4510563.jpg
Magazine Women's Weekly | 1 each, $8.50, $8.50 per 1ea, https://productimages.coles.com.au/productimages/6/636640.jpg
Coles Ultra Liquid Dish Brush With Refill | 1 each, $4.20, $4.20 per 1ea, https://productimages.coles.com.au/productimages/3/3828727.jpg
Cook & Dine Food Containers 650mL | 25 pack, $12.00, $0.48 per 1ea, https://productimages.coles.com.au/productimages/1/1948230.jpg
Helga's Gluten Free 5 Seeds Bread | 500g, $6.70, $1.34 per 100g, https://productimages.coles.com.au/productimages/3/3237946.jpg
Coles Bakery Sponge Mini Jam Rolls | 6 pack, $3.50, $0.58 per 1ea, https://productimages.coles.com.au/productimages/5/5057708.jpg
Wonder Mini Loaf Wholemeal | 320g, $3.40, $1.06 per 100g, https://productimages.coles.com.au/productimages/3/3860912.jpg
Simson's Pantry Preservative Free White Mini Wraps 6 Pack | 168g, $3.00, $1.79 per 100g, https://productimages.coles.com.au/productimages/5/5202079.jpg
Glen 20 Disinfectant Spray Crisp Linen | 300g, $6.20, $2.07 per 100g, https://productimages.coles.com.au/productimages/4/4261276.jpg
Cold Power Advanced Clean Laundry Powder | 2kg, $10.50, $5.25 per 1kg, https://productimages.coles.com.au/productimages/3/3774923.jpg
Coles Bakery Wholemeal Baguette | 1 each, $1.90, $1.90 per 1ea, https://productimages.coles.com.au/productimages/8/8951050.jpg
Coles Salted Caramel Profiteroles | 12 Pack, $5.75, $0.48 per 1ea, https://productimages.coles.com.au/productimages/3/3207592.jpg
Cheetos Puffs | 80g, $1.35, $1.69 per 100g, https://productimages.coles.com.au/productimages/3/3706774.jpg
Matchbox Vehicle Power Grab | 1 each, $3.20, $3.20 per 1ea, https://productimages.coles.com.au/productimages/3/3561300.jpg
Multix Greener Plant Based Cling wrap 20m | 1 pack, $2.60, $0.13 per 1M, https://productimages.coles.com.au/productimages/3/3975186.jpg
Smith's Crinkle Cut Original Chips 6 pack | 114g, $4.50, $3.95 per 100g, https://productimages.coles.com.au/productimages/7/7117968.jpg
Smash Blue 3 Compartment Bento Box 1200mL | 1 each, $27.50, $27.50 per 1ea, https://productimages.coles.com.au/productimages/3/3783185.jpg
Coles Pesto Basil | 190g, $1.95, $1.03 per 100g, https://productimages.coles.com.au/productimages/5/5419660.jpg
Coles Air Freshener Mango Crush | 237g, $2.80, $1.18 per 100g, https://productimages.coles.com.au/productimages/4/4952415.jpg
Cuddly Ultra Concentrate Fabric Conditioner Sunshine Fresh | 2L, $16.00, $8.00 per 1L, https://productimages.coles.com.au/productimages/4/4354730.jpg
Stay Fresh Anti Bacterial Thick Sponge | 3 pack, $3.80, $1.27 per 1ea, https://productimages.coles.com.au/productimages/5/5155150.jpg
Coles Happy Gut White | 700g, $3.30, $0.47 per 100g, https://productimages.coles.com.au/productimages/4/4727816.jpg
Helgas 50% Lower Carb Wholemeal & Seed Loaf | 700g, $5.50, $0.79 per 100g, https://productimages.coles.com.au/productimages/4/4688496.jpg
Chux Non Scratch Scourer Scrub | 6 pack, $4.50, $0.75 per 1ea, https://productimages.coles.com.au/productimages/9/9884720.jpg
Pine O Cleen Lavender Disinfectant | 1.25L, $8.00, $0.64 per 100mL, https://productimages.coles.com.au/productimages/8/8771092.jpg
Radiant Mixed Colours Laundry Powder Washing Detergent | 2kg, $20.00, $10.00 per 1kg, https://productimages.coles.com.au/productimages/3/3997972.jpg
Majans Bhuja Gluten Free Ancient Grain Twists With Chia And Quinoa | 140g, $4.50, $32.14 per 1kg, https://productimages.coles.com.au/productimages/2/2523371.jpg
Arnott's Family Favourites Assorted Biscuits | 500g, $4.50, $0.90 per 100g, https://productimages.coles.com.au/productimages/3/328910.jpg
Mr Kipling Cherry & Almond Bakewells Tarts 6 pack | 250g, $6.50, $2.60 per 100g, https://productimages.coles.com.au/productimages/1/1777410.jpg
Arnott's Teddy Bear Biscuits | 250g, $3.30, $1.32 per 100g, https://productimages.coles.com.au/productimages/3/329243.jpg
Coles Extra Virgin Olive Oil Spray | 150g, $2.55, $1.70 per 100g, https://productimages.coles.com.au/productimages/8/8095601.jpg
Domestos Citrus Fresh Disinfectant | 750mL, $4.80, $4.80 per 1ea, https://productimages.coles.com.au/productimages/8/8751007.jpg
The Natural Confectionery Co. Rainbow Snakes Lollies | 220g, $2.80, $1.27 per 100g, https://productimages.coles.com.au/productimages/3/3158522.jpg
Chux Non Scratch Scourer Sponge | 3 pack, $3.50, $1.17 per 1ea, https://productimages.coles.com.au/productimages/4/4500311.jpg
Finish Quantum Ultimate Pro Baking Soda | 32 pack, $48.00, $1.50 per 1ea, https://productimages.coles.com.au/productimages/3/3701012.jpg
Pantai Sriracha Chilli Sauce | 435mL, $4.55, $1.05 per 100mL, https://productimages.coles.com.au/productimages/3/3643029.jpg
Coles Bamboo Cocktail Sticks | 300 pack, $4.00, $0.01 per 1ea, https://productimages.coles.com.au/productimages/4/4462100.jpg
Glad To Be Green 50% Ocean Plastic Recycled Kitchen Tidy Bags Large | 20 pack, $5.50, $0.28 per 1ea, https://productimages.coles.com.au/productimages/4/4465618.jpg
Abes Bagels Multigrain 4 Pack | 360g, $5.50, $1.53 per 100g, https://productimages.coles.com.au/productimages/2/2901956.jpg
Redheads Safety Matches | 450 pack, $3.30, $0.73 per 100ea, https://productimages.coles.com.au/productimages/3/3404720.jpg
White King All Purpose Regular Bleach | 2.5L, $4.25, $1.70 per 1L, https://productimages.coles.com.au/productimages/1/170339.jpg
Smash Blue Stainless Steel Meal Box 600mL | 1 each, $20.00, $20.00 per 1ea, https://productimages.coles.com.au/productimages/3/3783200.jpg
Sard Wonder Soaker Super Power | 900g, $11.00, $12.22 per 1kg, https://productimages.coles.com.au/productimages/3/3887760.jpg
Leggo's Bolognese with Chunky Tomato Garlic & Herbs Pasta Sauce | 500g, $4.30, $0.86 per 100g, https://productimages.coles.com.au/productimages/2/2683924.jpg
Pringles Minis Multi Pack Original 5 Pack | 95g, $3.50, $3.68 per 100g, https://productimages.coles.com.au/productimages/3/3433999.jpg
Kinder Bueno White Chocolate Bar | 39g, $2.00, $5.13 per 100g, https://productimages.coles.com.au/productimages/2/2877432.jpg
Multix Aluminium Foil Wrap 30m x 30cm | 30m, $7.65, $0.26 per 1M, https://productimages.coles.com.au/productimages/4/432978.jpg
Multix Greener Baking Paper | 25 metre, $7.50, $0.30 per 1M, https://productimages.coles.com.au/productimages/3/3975460.jpg
Coles 100% Australian Sultanas | 1kg, $5.00, $5.00 per 1kg, https://productimages.coles.com.au/productimages/5/5357632.jpg
Chux Thick Sponges Collections | 3 pack, $3.50, $1.17 per 1ea, https://productimages.coles.com.au/productimages/3/3840530.jpg
Go Ahead Sultana & Forest Fruit Crispy Slice | 218g, $4.40, $2.02 per 100g, https://productimages.coles.com.au/productimages/1/1405959.jpg
Kewpie Japanese Dressing Roasted Sesame | 210mL, $4.15, $1.98 per 100mL, https://productimages.coles.com.au/productimages/2/2000544.jpg
Coles Seaweed Rice Crackers | 100g, $0.90, $0.90 per 100g, https://productimages.coles.com.au/productimages/5/5460212.jpg
Jumpy's Chicken 5 pack | 90g, $4.15, $4.61 per 100g, https://productimages.coles.com.au/productimages/9/9139462.jpg
Doritos Mild Salsa Dips | 300g, $2.75, $0.92 per 100g, https://productimages.coles.com.au/productimages/8/8486449.jpg
Natural Chip Co. Sea Salt & Cracked Pepper Potato Chips | 175g, $3.25, $1.86 per 100g, https://productimages.coles.com.au/productimages/1/1260346.jpg
CSR Caster Sugar | 1kg, $3.00, $0.30 per 100g, https://productimages.coles.com.au/productimages/2/254916.jpg
Fancy Feast Dry Cat Food Beef Salmon Cheese | 450g, $7.00, $1.56 per 100g, https://productimages.coles.com.au/productimages/5/5097065.jpg
Lifesavers Stix Sherbert Fizz Raspberry | 220g, $4.00, $1.82 per 100g, https://productimages.coles.com.au/productimages/4/4951208.jpg
Coles Chicken Instant Noodles 5x85g | 425g, $2.00, $0.47 per 100g, https://productimages.coles.com.au/productimages/3/3023476.jpg
Vitapet Duck Wrapped Rawhide Sticks Dog Treat | 5 pack, $5.50, $1.10 per 1ea, https://productimages.coles.com.au/productimages/3/3741232.jpg
Fussy Cat  Grain Free Twice as Tasty Adult Wet Cat Food Slices & Chicken Jelly | 12 pack, $13.50, $1.41 per 100g, https://productimages.coles.com.au/productimages/5/5201859.jpg
Trill Bird Seed Small Parrot Mix | 1.8Kg, $6.00, $6.00 per each, https://productimages.coles.com.au/productimages/3/3769377.jpg
Prime Pantry Jerky Dog Treat Kangaroo | 100g, $6.80, $6.80 per 100g, https://productimages.coles.com.au/productimages/2/2688203.jpg
Pedigree Homestyle Beef Pasta & Vegies Adult Wet Dog Food Can | 700g, $3.50, $0.50 per 100g, https://productimages.coles.com.au/productimages/7/7335030.jpg
Coles Spicy Chilli Tuna | 95g, $1.10, $11.58 per 1kg, https://productimages.coles.com.au/productimages/7/7752810.jpg
Carman's Dark Choc & Cranberry Gourmet Protein Bar 5 pack | 200g, $7.50, $3.75 per 100g, https://productimages.coles.com.au/productimages/2/2129482.jpg
Woofin Good Chunks In Gravy Beef Liver & Veg Dog Food | 400g, $2.00, $0.50 per 100g, https://productimages.coles.com.au/productimages/3/3699817.jpg
Coles Pitted Dates | 500g, $1.85, $3.70 per 1kg, https://productimages.coles.com.au/productimages/5/5450219.jpg
Dine Desire Wet Cat Food Pure Tuna Whitemeat Can 6x85g | 6 pack, $10.50, $2.06 per 100g, https://productimages.coles.com.au/productimages/7/7341269.jpg
Cadbury Twirl Caramilk Chocolate Bars | 39g, $2.00, $5.13 per 100g, https://productimages.coles.com.au/productimages/3/3698621.jpg
Golden Circle Breakfast Juice No Added Sugar Pineapple Fruit Juice | 2L, $3.50, $1.75 per 1L, https://productimages.coles.com.au/productimages/9/9051973.jpg
Vitapet Jerhigh Chicken & Bacon Dog Treats | 100g, $6.00, $6.00 per 100g, https://productimages.coles.com.au/productimages/5/5825118.jpg
Coles Tuna Chunks in Springwater | 95g, $1.10, $11.58 per 1kg, https://productimages.coles.com.au/productimages/8/8675281.jpg
Kellogg's Sultana Bran High Fibre Breakfast Cereal | 420g, $7.00, $1.67 per 100g, https://productimages.coles.com.au/productimages/8/8491212.jpg
Pedigree Dentastix Small Dog Treats Daily Oral Care Dental Chews | 28 pack, $22.50, $0.80 per 1ea, https://productimages.coles.com.au/productimages/6/6856060.jpg
Woofin Good Chunks In Gravy Lamb Rice & Veg Dog Food | 400g, $2.00, $0.50 per 100g, https://productimages.coles.com.au/productimages/3/3699839.jpg
Elevate Adult Cat Chicken Chunks With Carrot & Pumpkin In Gravy 12X85g | 12 pack, $10.50, $1.03 per 100g, https://productimages.coles.com.au/productimages/3/3956148.jpg
Smith's Crinkle Cut Cheese & Onion Potato Chips | 170g, $2.40, $1.41 per 100g, https://productimages.coles.com.au/productimages/2/2358297.jpg
Coles Long Grain White Rice | 2kg, $2.80, $0.14 per 100g, https://productimages.coles.com.au/productimages/4/4698955.jpg
Perfect Italiano Original Ricotta Soft Cheese Tub | 250g, $4.80, $19.20 per 1kg, https://productimages.coles.com.au/productimages/1/181594.jpg
Doritos Corn Chips Fire & Fury Pizza | 150g, $3.35, $2.23 per 100g, https://productimages.coles.com.au/productimages/6/6409709.jpg
Natures Goodness Grain Free Adult Chilled Fresh Dog Food Roll Roast Meat With Sweet Potato | 2.15kg, $7.20, $0.33 per 100g, https://productimages.coles.com.au/productimages/1/1174368.jpg
Optimum Dog Food Salmon And Rice 6x100g | 6 pack, $10.00, $1.67 per 100g, https://productimages.coles.com.au/productimages/3/3870993.jpg
Applaws Taste Toppers Dog Tin Multipack Chicken Selection In Broth Dog Food 5X156g | 5 pack, $12.50, $1.60 per 100g, https://productimages.coles.com.au/productimages/6/6136311.jpg
Pedigree Homestyle Lamb Pasta & Vegies Adult Wet Dog Food Can | 700g, $3.50, $0.50 per 100g, https://productimages.coles.com.au/productimages/7/7334897.jpg
Optimum Adult With Chicken & Rice Wet Dog Food Can | 400g, $3.45, $0.86 per 100g, https://productimages.coles.com.au/productimages/2/2488623.jpg
Sanitarium Up&Go Liquid Breakfast Strawberry Fridge Pack 12X250mL | 3L, $14.50, $4.83 per 1L, https://productimages.coles.com.au/productimages/1/1491360.jpg
Trill Bird Seed Canary & Finch Mix | 1.8Kg, $6.00, $0.33 per 100g, https://productimages.coles.com.au/productimages/3/3769344.jpg
Coles Microwave Jasmine Rice | 250g, $1.75, $0.70 per 100g, https://productimages.coles.com.au/productimages/8/8471383.jpg
Applaws Cat Treat Tuna Loin | 30g, $2.80, $9.33 per 100g, https://productimages.coles.com.au/productimages/1/1714192.jpg
Pet Treat Bar Beef Trachea | approx 100g, $6.00, $60.00 per 1kg, https://productimages.coles.com.au/productimages/3/3885312.jpg
Uncle Tobys Original Vita Weeties | 700g, $7.00, $1.00 per 100g, https://productimages.coles.com.au/productimages/3/3208212.jpg
Applaws Tin Mp Cuisine Selection Cat Food 8x70g | 8 pack, $15.00, $2.68 per 100g, https://productimages.coles.com.au/productimages/1/1328439.jpg
Majans Bhuja Original Mix | 150g, $4.50, $3.00 per 100g, https://productimages.coles.com.au/productimages/5/5007302.jpg
Pedigree Real Beef Adult Dry Dog Food | 3kg, $14.00, $0.47 per 100g, https://productimages.coles.com.au/productimages/7/7976078.jpg
Fussy Cat Grain Free Adult Chilled Fresh Cat Food Finest Mince with Kangaroo | 800g, $7.50, $0.94 per 100g, https://productimages.coles.com.au/productimages/3/3605766.jpg
Coles Dog Food Casserole Beef Pasta & Vegetables | 700g, $2.25, $0.32 per 100g, https://productimages.coles.com.au/productimages/5/5691918.jpg
My Dog Chicken Mince With Rice & Carrots Can Puppy Wet Dog Food | 400g, $3.00, $0.75 per 100g, https://productimages.coles.com.au/productimages/7/7852031.jpg
Pet Treat Bar Kangaroo Cubes | approx 100g, $6.00, $60.00 per 1kg, https://productimages.coles.com.au/productimages/3/3885549.jpg
Coles Chicken Mozzarella And Rocket Sausages | 450g, $9.50, $21.11 per 1kg, https://productimages.coles.com.au/productimages/5/5703620.jpg
Wrigleys Grape Sugar Free Mint Tin | 40g, $3.50, $8.75 per 100g, https://productimages.coles.com.au/productimages/5/5487795.jpg
Nescafe Gold Original Premium Instant Coffee | 100g, $11.50, $11.50 per 100g, https://productimages.coles.com.au/productimages/8/8049750.jpg
Farmers Market Adult Wet Dog Food Roast Chicken With Lentils | 100g, $1.60, $1.60 per 100g, https://productimages.coles.com.au/productimages/2/2825213.jpg
Sanitarium Up And Go Banana Cereal 3x250mL | 750mL, $5.20, $6.93 per 1L, https://productimages.coles.com.au/productimages/7/7144530.jpg
Coles Dog Food Casserole Lamb Pasta & Vegetable | 1.2kg, $3.45, $0.29 per 100g, https://productimages.coles.com.au/productimages/7/7479765.jpg
Applaws Taste Toppers Dog Tin Chicken Breast With Beef Liver & Vegetables In Broth Dog Food | 156g, $3.00, $1.92 per 100g, https://productimages.coles.com.au/productimages/6/6136231.jpg
Whiskas Favourites Beef In Jelly Cat Food 12x85g | 12 pack, $12.00, $1.18 per 100g, https://productimages.coles.com.au/productimages/5/5172604.jpg
My Dog Classic Loaf With Wholesome Chicken & Turkey Can Wet Dog Food | 680g, $3.10, $0.46 per 100g, https://productimages.coles.com.au/productimages/5/5102970.jpg
Uncle Toby's Roll Ups Variety Pack 234g | 1 each, $8.00, $3.42 per 100g, https://productimages.coles.com.au/productimages/5/5200550.jpg
Natures Goodness Grain Free Nutrition Dog Food Healthy Joints With Salmon And Garden Vegetables | 400g, $2.80, $0.70 per 100g, https://productimages.coles.com.au/productimages/4/4490160.jpg
Pet Treat Bar Beef Paddy Wacks | approx 100g, $6.00, $60.00 per 1kg, https://productimages.coles.com.au/productimages/3/3885458.jpg
Pet Treat Bar Smoked Lamb Bone | approx 100g, $6.00, $60.00 per 1kg, https://productimages.coles.com.au/productimages/3/3885447.jpg
Nescafe Double Shot Latte Sachet | 10 pack, $7.60, $0.76 per 1ea, https://productimages.coles.com.au/productimages/5/5578165.jpg
Regal New Zealand King Salmon Beech Wood Smoked Slices | 100g, $9.50, $95.00 per 1kg, https://productimages.coles.com.au/productimages/4/4677558.jpg
Pet Treat Bar Fresh Breath Biscuits | approx 100g, $6.00, $60.00 per 1kg, https://productimages.coles.com.au/productimages/3/3885618.jpg
Inglewood Organic Chicken Strips Plain | 500g, $12.50, $25.00 per 1kg, https://productimages.coles.com.au/productimages/4/4312184.jpg
Lindt Lindor Assorted Chocolate Bag | 125g, $7.00, $5.60 per 100g, https://productimages.coles.com.au/productimages/5/5147414.jpg
The Natural Confectionery Co. Party Mix Lollies | 220g, $2.80, $1.27 per 100g, https://productimages.coles.com.au/productimages/2/2351265.jpg
Pedigree Casserole With Beef & Gravy Adult Wet Dog Food Can | 700g, $3.50, $0.50 per 100g, https://productimages.coles.com.au/productimages/5/5126414.jpg
Coles Dog Food Casserole Chicken Rice & Vegetables | 700g, $2.25, $0.32 per 100g, https://productimages.coles.com.au/productimages/7/7479710.jpg
Woofin Good Puppy & Adult Milky Sticks Chicken Dog Treat | 100g, $3.60, $3.60 per 100g, https://productimages.coles.com.au/productimages/3/3922882.jpg
Continental Pasta & Sauce Family Bacon Carbonara | 145g, $3.50, $2.41 per 100g, https://productimages.coles.com.au/productimages/4/4727372.jpg
Farmers Market Adult Wet Dog Food Lamb Stew With Vegetables and Brown Rice | 400g, $3.50, $0.88 per 100g, https://productimages.coles.com.au/productimages/3/3319643.jpg
Nescafe 98% SF Latte Coffee Sachets | 10 pack, $7.60, $0.76 per 1ea, https://productimages.coles.com.au/productimages/3/3984096.jpg
Nature's Gift Dog Treats Chicken Straps | 150g, $5.00, $3.33 per 100g, https://productimages.coles.com.au/productimages/6/6136720.jpg
Friskies Meaty Grills | 2.5kg, $16.50, $0.66 per 100g, https://productimages.coles.com.au/productimages/2/2917504.jpg
Cadbury Dream Oreo Chocolate Bar | 45g, $2.00, $4.44 per 100g, https://productimages.coles.com.au/productimages/5/5865780.jpg
Perfect Italiano Romano Block | 200g, $5.50, $27.50 per 1kg, https://productimages.coles.com.au/productimages/2/2486785.jpg
Continental Cup A Soup Pepper Steak & Mushroom With Croutons Serves 2 | 52g, $1.40, $2.69 per 100g, https://productimages.coles.com.au/productimages/2/2286516.jpg
Regal Kangaroo Mince Lean Cat Food 2X100g | 200g, $2.90, $1.45 per 100g, https://productimages.coles.com.au/productimages/3/3605992.jpg
Wag Beef Bladder Sticks Dog Treat | 5 pack, $7.50, $1.50 per 1ea, https://productimages.coles.com.au/productimages/3/3995897.jpg
Vitapet Jerhigh Chicken With Bacon Dog Treats | 400g, $20.00, $5.00 per 100g, https://productimages.coles.com.au/productimages/3/3742188.jpg
Coles Lamb Meat Bones | approx 1.1kg, $7.70, $7.00 per 1kg, https://productimages.coles.com.au/productimages/9/9274297.jpg
Optimum Chicken & Rice Puppy Wet Dog Food Can | 700g, $3.50, $0.50 per 100g, https://productimages.coles.com.au/productimages/5/5589911.jpg
Sanitarium Up&Go Vanilla Ice Cereal 6X250mL | 1.5L, $9.85, $6.57 per 1L, https://productimages.coles.com.au/productimages/9/9724815.jpg
Continental Cup A Soup Thai Red Curry Serves 2 | 60g, $1.40, $2.33 per 100g, https://productimages.coles.com.au/productimages/9/9194846.jpg
Fussy Cat Grain Free Twice as Tasty Adult Wet Cat Food Slices & Fish Jelly  | 12 pack, $13.50, $1.41 per 100g, https://productimages.coles.com.au/productimages/5/5201848.jpg
Fussy Cat Kitten Cat Food Pouch 12x80g | 12 pack, $13.50, $1.41 per 100g, https://productimages.coles.com.au/productimages/4/4505891.jpg
Lindor Pink Assorted Gift Box | 232g, $20.00, $8.62 per 100g, https://productimages.coles.com.au/productimages/5/5783925.jpg
Coles Finest Carbon Neutral Beef Slow Cook Chuck Roast | approx 800g, $17.60, $22.00 per 1kg, https://productimages.coles.com.au/productimages/4/4996603.jpg
Coles RSPCA Approved Chicken Wings Honey & Soy | 1kg, $9.00, $9.00 per 1kg, https://productimages.coles.com.au/productimages/1/1001461.jpg
Coles Lamb Mint & Rosemary Rump Steak | approx 400g, $12.00, $30.00 per 1kg, https://productimages.coles.com.au/productimages/3/3304431.jpg
Uncle Toby's Nutritious Snacks Oat Slice Chocolate Chip | 140g, $3.50, $2.50 per 100g, https://productimages.coles.com.au/productimages/3/3788316.jpg
Moira Mac's Original Oven Roasted Chicken Breast                                                                                 | 350g, $8.10, $23.14 per 1kg, https://productimages.coles.com.au/productimages/2/2865262.jpg
Coles Finest Carbon Neutral Beef Eye Fillet Steak | 330g, $23.00, $69.70 per 1kg, https://productimages.coles.com.au/productimages/6/6332160.jpg
Sanitarium Up&Go Energize Chocolate Ice 3X250mL | 750mL, $5.20, $6.93 per 1L, https://productimages.coles.com.au/productimages/7/7813233.jpg
Sanitarium Up&Go Liquid Breakfast Choc Ice No Added Sugar Fridge Pack 12X250mL | 3L, $14.50, $4.83 per 1L, https://productimages.coles.com.au/productimages/3/3723514.jpg
K-Roo Kangaroo Mince | 1kg, $14.00, $14.00 per 1kg, https://productimages.coles.com.au/productimages/9/9007723.jpg
Sanitarium Up&Go Liquid Breakfast Fridge Pack Dairy Free Choc 12X250mL | 3L, $14.50, $4.83 per 1L, https://productimages.coles.com.au/productimages/4/4862436.jpg
K-Roo Kangaroo Diced | 500g, $10.00, $20.00 per 1kg, https://productimages.coles.com.au/productimages/2/2023110.jpg
Europe Honey Nougat Log | 40g, $0.90, $2.25 per 100g, https://productimages.coles.com.au/productimages/6/67850.jpg
Whiskas So Meaty 1+ Years Wet Cat Food Meat Cuts In Gravy 85g Pouch | 12 pack, $10.80, $1.06 per 100g, https://productimages.coles.com.au/productimages/1/1898288.jpg
Coles Boneless Shoulder With Sweet Mint And Rosemary | approx 800g, $20.00, $25.00 per 1kg, https://productimages.coles.com.au/productimages/5/5989851.jpg
Sunrice Family Size Jasmine Rice | 450g, $4.00, $0.89 per 100g, https://productimages.coles.com.au/productimages/7/7746704.jpg
Sunrice Medium Grain Brown Rice | 2kg, $7.70, $0.39 per 100g, https://productimages.coles.com.au/productimages/2/295414.jpg
Primo Gourmet World Flavours German Bratwurst Sausage | 450g, $8.50, $18.89 per 1kg, https://productimages.coles.com.au/productimages/4/4469346.jpg
Coles Free Range RSPCA Approved Chicken Boneless Lime And Mint | approx 1kg, $14.00, $14.00 per 1kg, https://productimages.coles.com.au/productimages/5/5049743.jpg
Coles Made Easy Prosciutto Wrapped Chicken Breasts With Parmigiana Stuffing | 450g, $13.00, $28.89 per 1kg, https://productimages.coles.com.au/productimages/3/3567259.jpg
Drovers Choice Beef Round Steaks | approx 1kg, $21.00, $21.00 per 1kg, https://productimages.coles.com.au/productimages/4/4997435.jpg
Talley's Mussels Natural | 375g, $8.00, $21.33 per 1kg, https://productimages.coles.com.au/productimages/5/5032467.jpg
Small Batch Angus Beef And Ale Red Caramelised Onion Premium Sausages | 450g, $9.50, $21.11 per 1kg, https://productimages.coles.com.au/productimages/4/4470040.jpg
Coles Graze Lamb Mini Shoulder Roast 2 pack | approx700g, $17.50, $25.00 per 1kg, https://productimages.coles.com.au/productimages/5/5990497.jpg
Coles Crumbed Pork Schnitzel Herb Crumb | 240g, $7.00, $29.17 per 1kg, https://productimages.coles.com.au/productimages/3/3478320.jpg
Drovers Choice No Added Hormone Beef Scotch Fillet | approx 850g, $25.50, $30.00 per 1kg, https://productimages.coles.com.au/productimages/3/3336008.jpg
British Sausage Co Lincolnshire Sausages | 500g, $8.50, $17.00 per 1kg, https://productimages.coles.com.au/productimages/3/3139084.jpg
Steggles Turkey Breast Mince | 400g, $10.00, $25.00 per 1kg, https://productimages.coles.com.au/productimages/3/3862689.jpg
Connoisseur Ice Cream Choc Chip Cookie | 1L, $12.00, $1.20 per 100mL, https://productimages.coles.com.au/productimages/6/6143689.jpg
McCain Lil Pizza Cheesy Margherita | 380g, $7.80, $2.05 per 100g, https://productimages.coles.com.au/productimages/4/4654280.jpg
Moira Mac's BBQ Oven Roasted Chicken Breast | 350g, $8.10, $23.14 per 1kg, https://productimages.coles.com.au/productimages/2/2865273.jpg
Coles No Added Hormone Beef Cheeks | approx 500g, $13.50, $27.00 per 1kg, https://productimages.coles.com.au/productimages/3/3492728.jpg
Tibaldi Authentic Ham Off The Bone | 500g, $14.00, $28.00 per 1kg, https://productimages.coles.com.au/productimages/2/2610341.jpg
Golden Wok Frozen Diana Chan's Thai Chicken Dumplings | 230g, $6.80, $2.96 per 100g, https://productimages.coles.com.au/productimages/3/3310784.jpg
Coles Tasmanian Cold Smoked Salmon | 500g, $25.00, $50.00 per 1kg, https://productimages.coles.com.au/productimages/3/3873437.jpg
Coles Lamb Leg Butterflied | approx 1.1kg, $22.00, $20.00 per 1kg, https://productimages.coles.com.au/productimages/3/3838800.jpg
Coles Made Easy Slow Cooked Beef Brisket With American Style BBQ Sauce | 800g, $20.00, $25.00 per 1kg, https://productimages.coles.com.au/productimages/2/2799871.jpg
Coles Free Range RSPCA Approved Chicken Schnitzel Herb And Garlic | 400g, $11.00, $27.50 per 1kg, https://productimages.coles.com.au/productimages/4/4226990.jpg
K-Roo Kangaroo Fillet | 400g, $15.80, $39.50 per 1kg, https://productimages.coles.com.au/productimages/2/2739891.jpg
Coles Slow Cooked Pulled Pork | 250g, $7.80, $31.20 per 1kg, https://productimages.coles.com.au/productimages/3/3766346.jpg
Luv A Duck A L'orange Duck Legs | 500g, $15.00, $30.00 per 1kg, https://productimages.coles.com.au/productimages/3/3862361.jpg
King Island Dairy Surprise Bay Cheddar Cheese Block | approx200g, $10.80, $54.00 per 1kg, https://productimages.coles.com.au/productimages/3/3222552.jpg
Core Powerfoods Naked Parmigiana | 350g, $7.00, $2.00 per 100g, https://productimages.coles.com.au/productimages/4/4739724.jpg
Coles Prawns Cooked Peeled Tail Off | 350g, $10.00, $28.57 per 1kg, https://productimages.coles.com.au/productimages/4/4418957.jpg
Cleaver's Beef Porterhouse Steak Organic                                                                                                   | approx 350g, $21.00, $60.00 per 1kg, https://productimages.coles.com.au/productimages/7/7327632.jpg
Birds Eye Snap Frozen Sliced Green Beans | 500g, $3.40, $6.80 per 1kg, https://productimages.coles.com.au/productimages/1/186430.jpg
Coles Sweet Chilli Chicken Tenders | 1kg, $11.50, $11.50 per 1kg, https://productimages.coles.com.au/productimages/5/5294601.jpg
V2 Burger Plant Based 4 Pack | 452g, $9.00, $19.91 per 1kg, https://productimages.coles.com.au/productimages/3/3912335.jpg
Birds Eye Frozen SteamFresh Broccoli Cauliflower & Carrots With Cheese Sauce 2 Pack | 400g, $6.50, $16.25 per 1kg, https://productimages.coles.com.au/productimages/1/1777228.jpg
Hanabi Surimi Crispy Tofu Balls | 500g, $5.00, $1.00 per 100g, https://productimages.coles.com.au/productimages/6/6107459.jpg
Coles BBQ Meatlovers Pizza | 500g, $5.00, $1.00 per 100g, https://productimages.coles.com.au/productimages/2/2632184.jpg
Tassal Hot Smoked Salmon Natural | 150g, $10.50, $70.00 per 1kg, https://productimages.coles.com.au/productimages/3/3477892.jpg
Hershey's Cookies & Creme Sticks 4Pack | 360mL, $4.50, $1.25 per 100mL, https://productimages.coles.com.au/productimages/3/3407300.jpg
Coles Deli Castello White Cheese | approx140g, $7.70, $55.00 per 1kg, https://productimages.coles.com.au/productimages/8/8288274.jpg
Primo Short Cut Salt Reduced Rindless Bacon | 200g, $6.20, $31.00 per 1kg, https://productimages.coles.com.au/productimages/5/5008360.jpg
Luv A Duck Cooked Duck Breast Peking Flavoured | 360g, $13.00, $36.11 per 1kg, https://productimages.coles.com.au/productimages/2/2957859.jpg
Coles No Added Hormone Beef Brisket Point End Large Piece | approx 1.75kg, $28.00, $16.00 per 1kg, https://productimages.coles.com.au/productimages/4/4256538.jpg
Sealord Japanese Style Tempura Batter Hoki Fillet | 280g, $9.00, $32.14 per 1kg, https://productimages.coles.com.au/productimages/4/4506690.jpg
Core Powerfoods Beef Tortolleni | 350g, $7.00, $2.00 per 100g, https://productimages.coles.com.au/productimages/5/5643824.jpg
Hershey's Ice Cream Chocolate/Strawberry | 1L, $4.50, $0.45 per 100mL, https://productimages.coles.com.au/productimages/6/6282084.jpg
Coles Frozen Organic Bluberries | 450g, $8.80, $1.96 per 100g, https://productimages.coles.com.au/productimages/3/3855592.jpg
Coles Neapolitan Ice Cream Tub | 4L, $7.00, $0.18 per 100mL, https://productimages.coles.com.au/productimages/2/208216.jpg
Vadilal Bhindi Whole | 312g, $2.40, $0.77 per 100g, https://productimages.coles.com.au/productimages/3/3606168.jpg
KB Frozen Vegetable Gyoza | 750g, $17.00, $2.27 per 100g, https://productimages.coles.com.au/productimages/2/2815151.jpg
Connoisseur Ice Cream Vanilla 4 Pack | 400mL, $9.50, $2.38 per 100mL, https://productimages.coles.com.au/productimages/6/6272400.jpg
KB's Yum Cha Shu Mai | 240g, $8.50, $3.54 per 100g, https://productimages.coles.com.au/productimages/5/5288438.jpg
K-Roo Kangaroo Burgers | 440g, $8.50, $19.32 per 1kg, https://productimages.coles.com.au/productimages/8/8450565.jpg
Coles Singapore Noodles | 375g, $4.00, $1.07 per 100g, https://productimages.coles.com.au/productimages/3/3480423.jpg
Coles Beechwood Smoked Boneless Loin Ham Portion | approx 700g, $12.95, $18.50 per 1kg, https://productimages.coles.com.au/productimages/8/8728050.jpg
Coles Made Easy Slow Cooked Pork Ribs With Char Siu Sauce | 750g, $15.00, $20.00 per 1kg, https://productimages.coles.com.au/productimages/2/2724475.jpg
Haagen Dazs Cookies & Cream Ice Cream Tub | 457mL, $13.50, $2.95 per 100mL, https://productimages.coles.com.au/productimages/2/2983848.jpg
Ocean King Black Lumpfish Caviar | 50g, $6.50, $130.00 per 1kg, https://productimages.coles.com.au/productimages/3/3899340.jpg
Herbert Adams Premium Gourmet King Island Beef Party Pies 12 pack | 420g, $9.50, $2.26 per 100g, https://productimages.coles.com.au/productimages/8/8693170.jpg
Coles Sweet Potato Crinkle Cut Fries | 750g, $6.00, $8.00 per 1kg, https://productimages.coles.com.au/productimages/6/6187298.jpg
Buono Mochi Ice Dessert Green Tea | 156g, $7.50, $4.81 per 100g, https://productimages.coles.com.au/productimages/3/3243519.jpg
Four'N Twenty Traveller Hi Protein Beef Pie | 160g, $4.00, $2.50 per 100g, https://productimages.coles.com.au/productimages/5/5104910.jpg
Auricchio Grana Padano Basile Imports | approx250g, $13.25, $53.00 per 1kg, https://productimages.coles.com.au/productimages/3/3229686.jpg
Coles Finest Australian Organic Double Cream Brie | approx 150g, $10.50, $70.00 per 1kg, https://productimages.coles.com.au/productimages/3/3897865.jpg
Bulla Splits Summer Splits 10 Pack | 750mL, $8.00, $1.07 per 100mL, https://productimages.coles.com.au/productimages/4/4455556.jpg
McCain Pub Size Southern Style Chicken | 480g, $9.50, $1.98 per 100g, https://productimages.coles.com.au/productimages/3/3237877.jpg
Peters Lactose Free Ice Cream | 1.2L, $9.00, $0.75 per 100mL, https://productimages.coles.com.au/productimages/3/3880512.jpg
Coles IM Free From Chicken Tenders | 400g, $8.00, $20.00 per 1kg, https://productimages.coles.com.au/productimages/1/1309060.jpg
Coles Frozen Fruit Pineapple | 500g, $6.20, $1.24 per 100g, https://productimages.coles.com.au/productimages/3/3850690.jpg
Hedys Quiche Spinach Parmesan | 1.1kg, $14.50, $1.32 per 100g, https://productimages.coles.com.au/productimages/2/2904648.jpg
Coles Graze Lamb Fillet | approx 300g, $15.60, $52.00 per 1kg, https://productimages.coles.com.au/productimages/3/3942711.jpg
Creative Gourmet Banana Mango Pineapple | 400g, $2.82, $7.05 per 1kg, https://productimages.coles.com.au/productimages/4/4868319.jpg
Bulla Murray Street Ice Cream Chocolate & Fudge Ripple | 1L, $12.00, $1.20 per 100mL, https://productimages.coles.com.au/productimages/5/5363602.jpg
KB Gyoza Pork | 750g, $17.00, $2.27 per 100g, https://productimages.coles.com.au/productimages/4/4406007.jpg
Red Storm Vintage Red Leicester Cheddar | approx 100g, $6.90, $69.00 per 1kg, https://productimages.coles.com.au/productimages/3/3089430.jpg
Coles Lamb Boneless Marinated Shoulder With Greek Style Rub | approx 1kg, $25.00, $25.00 per 1kg, https://productimages.coles.com.au/productimages/5/5471026.jpg
Balfours Frozen Premium Potato Pie 2 pack | 440g, $6.00, $1.36 per 100g, https://productimages.coles.com.au/productimages/7/7961729.jpg
Coles Frozen Fruit Blackberries | 500g, $6.20, $12.40 per 1kg, https://productimages.coles.com.au/productimages/1/1304770.jpg
Coles Frozen Bake At Home Butter Croissants 6 pack | 360g, $6.70, $1.86 per 100g, https://productimages.coles.com.au/productimages/3/3918976.jpg
Fry's Frozen Meat Free Sausage Rolls 4 Pieces | 400g, $6.50, $1.63 per 100g, https://productimages.coles.com.au/productimages/3/3217950.jpg
Streets Blue Ribbon Classic Chocolate Ice Cream Tub | 2L, $7.00, $0.35 per 100mL, https://productimages.coles.com.au/productimages/2/2976172.jpg
Auricchio Parmigiano Reggiano Cheese | approx250g, $17.50, $70.00 per 1kg, https://productimages.coles.com.au/productimages/6/6277481.jpg
Four N Twenty Angus Beef Cheese & Bacon Pies | 700g, $8.80, $1.26 per 100g, https://productimages.coles.com.au/productimages/4/4227358.jpg
Super Nature Frozen Wholegrain Butter Chicken With Freekeh Ancient Grain Mix Wellness Bowl | 350g, $7.50, $2.14 per 100g, https://productimages.coles.com.au/productimages/2/2946310.jpg
Coles Salad Small Tubs Potato Egg & Bacon | 1 each, $5.00, $5.00 per 1ea, https://productimages.coles.com.au/productimages/2/2028500.jpg
Premier Selection Appleblossom Smoked Cheddar | approx 100g, $5.50, $55.00 per 1kg, https://productimages.coles.com.au/productimages/2/2214016.jpg
Bulla Murray Street Daintree Honey Swirl | 400mL, $7.00, $1.75 per 100mL, https://productimages.coles.com.au/productimages/5/5488164.jpg
Connoisseur Ice Cream Vanilla Caramel Brownie | 1L, $12.00, $1.20 per 100mL, https://productimages.coles.com.au/productimages/3/3251233.jpg
On The Menu Frozen Beef Lasagne | 260g, $4.50, $1.73 per 100g, https://productimages.coles.com.au/productimages/1/1167894.jpg
Kb's Whiting Bites Battered | 1kg, $27.50, $27.50 per 1kg, https://productimages.coles.com.au/productimages/4/4285194.jpg
Coles I M Free From Chicken Nuggets | 400g, $6.00, $15.00 per 1kg, https://productimages.coles.com.au/productimages/2/2750056.jpg
Coles Finest Red Leicester | approx 150g, $8.25, $55.00 per 1kg, https://productimages.coles.com.au/productimages/4/4391861.jpg
Birds Eye Frozen Fish Fingers 15 Pieces | 375g, $6.20, $16.53 per 1kg, https://productimages.coles.com.au/productimages/1/186918.jpg
Homestead Pate Free Range Chicken With Cracked Pepper | 150g, $5.50, $3.67 per 100g, https://productimages.coles.com.au/productimages/4/4504200.jpg
Casale Parma Matonella | approx 100g, $5.10, $51.00 per 1kg, https://productimages.coles.com.au/productimages/3/3159591.jpg
Hans Striker Mild Salami Sticks | 105g, $4.60, $43.81 per 1kg, https://productimages.coles.com.au/productimages/5/5476937.jpg
Coles Finest Swiss Raclette | approx 150g, $4.50, $30.00 per 1kg, https://productimages.coles.com.au/productimages/4/4946536.jpg
Coles Deli Temptation Pork Pie Small | 1 each, $3.45, $2.16 per 100g, https://productimages.coles.com.au/productimages/1/1499646.jpg
King Island Diary Triple Cream Cheese | approx200g, $15.20, $76.00 per 1kg, https://productimages.coles.com.au/productimages/2/2699390.jpg
Udder Delights Adelaide Hills Double Cream Brie Cheese | 200g, $9.90, $49.50 per 1kg, https://productimages.coles.com.au/productimages/3/3054560.jpg
King Island Dairy Black Label Blue Triple Cream | approx 100g, $8.00, $80.00 per 1kg, https://productimages.coles.com.au/productimages/2/2233203.jpg
GS Premium Spicy Salami Pizza | 520g, $12.00, $2.31 per 100g, https://productimages.coles.com.au/productimages/3/3903753.jpg
King Island Dairy Roaring Forties Blue | approx 100g, $8.00, $80.00 per 1kg, https://productimages.coles.com.au/productimages/2/2699844.jpg
Coles Deli Snack Classic Coleslaw Salad Tub | 1 each, $2.00, $2.00 per 1ea, https://productimages.coles.com.au/productimages/9/9094535.jpg
Hedys Quiche Leek Bacon | 1.1kg, $14.50, $1.32 per 100g, https://productimages.coles.com.au/productimages/5/5429187.jpg
Coles Deli Express Chicken Pate | 120g, $6.00, $5.00 per 100g, https://productimages.coles.com.au/productimages/3/3310285.jpg
Coles Wraps Platter Meatlovers | 1 each, $40.00, $40.00 per 1ea, https://productimages.coles.com.au/productimages/3/3830751.jpg
Royal Hollandia Edam | approx 100g, $3.80, $38.00 per 1kg, https://productimages.coles.com.au/productimages/3/3054287.jpg
Ricci's Bikkies Pita Crisp Olive Oil & Sea Salt | 120g, $6.90, $5.75 per 100g, https://productimages.coles.com.au/productimages/7/7017431.jpg
Coles Finest Tasmanian Goats Cheese | 300g, $10.70, $35.67 per 1kg, https://productimages.coles.com.au/productimages/3/3453330.jpg
Baby U Disposable Change 10 Mats | 1 pack, $7.50, $7.50 per 1ea, https://productimages.coles.com.au/productimages/3/3507064.jpg
Babylove Sleepy Night Pants Convenience 8-15 Years | 8 pack, $11.00, $1.38 per 1ea, https://productimages.coles.com.au/productimages/6/6613239.jpg
Coles Deli  Antipasto Mix | approx 100g, $2.50, $25.00 per 1kg, https://productimages.coles.com.au/productimages/5/5139540.jpg
Hans Striker Mild Salami Sticks | 15g, $1.15, $76.72 per 1kg, https://productimages.coles.com.au/productimages/6/6091177.jpg
Provedore Felino Salami Garlic | approx 100g, $3.50, $35.00 per 1kg, https://productimages.coles.com.au/productimages/5/5785782.jpg
Coles Semi Dried Tomatoes Kalamata Fetta | appox. 100g, $2.80, $28.00 per 1kg, https://productimages.coles.com.au/productimages/3/3067857.jpg
Coles Finest Deli Express Australian Pitted Kalamata With Fennel & Orange | 120g, $5.00, $41.67 per 1kg, https://productimages.coles.com.au/productimages/5/5651356.jpg
Coles Salad Medium Tubs Potato Egg & Bacon Salad Salad | 1 each, $6.00, $6.00 per 1ea, https://productimages.coles.com.au/productimages/2/2028485.jpg
Huggies Ultra Dry Nappy Pants Girls Size 4 (9-14kg) | 29 pack, $22.00, $0.76 per 1ea, https://productimages.coles.com.au/productimages/2/2848241.jpg
Tommee Tippee Ultra-Light Silicone Dummy 2 Pack 6-18m | 2 pack, $9.10, $4.55 per 1ea, https://productimages.coles.com.au/productimages/3/3839803.jpg
B.box Wrist Teether | 1 each, $10.40, $10.40 per 1ea, https://productimages.coles.com.au/productimages/5/5245016.jpg
Euky Bearub | 50g, $10.00, $20.00 per 100g, https://productimages.coles.com.au/productimages/5/5356979.jpg
King Island Dairy Netherby Camembert Cove | approx 100g, $5.30, $53.00 per 1kg, https://productimages.coles.com.au/productimages/2/2699072.jpg
Bubs Organic Grass Fed Formula Stage 1 | 800g, $26.40, $3.30 per 100g, https://productimages.coles.com.au/productimages/3/3785930.jpg
Tooshies Eco Nappies Size 5 Walker | 32 Pack, $26.00, $0.81 per 1ea, https://productimages.coles.com.au/productimages/3/3747057.jpg
CUB Feeding Bottles With Medium Flow Silicone Teats 0+ Months | 3 pack, $8.00, $2.67 per 1ea, https://productimages.coles.com.au/productimages/3/3752159.jpg
Mcclure's Garlic & Dill Whole | 500g, $6.00, $12.00 per 1kg, https://productimages.coles.com.au/productimages/5/5016573.jpg
Johnson & Johnson Bedtime Lotion | 200mL, $6.50, $3.25 per 100mL, https://productimages.coles.com.au/productimages/5/5244727.jpg
Coles Finest Irish Cheddar | approx 100g, $4.00, $40.00 per 1kg, https://productimages.coles.com.au/productimages/5/5362971.jpg
Mighty Bellies Lentil Puffs BBQ Flavoured | 10g, $2.00, $20.00 per 100g, https://productimages.coles.com.au/productimages/5/5056035.jpg
Tommee Tippee Baby Bottle 260ml 1 Pack Newborn+ | 1 pack, $9.20, $9.20 per 1ea, https://productimages.coles.com.au/productimages/3/3505546.jpg
Alula S-26 Original Stage 1 Formula 0-6 Months | 900g, $20.00, $2.22 per 100g, https://productimages.coles.com.au/productimages/3/3025824.jpg
Coles Deli Salads Tub Small Classic Pasta | 1 each, $4.00, $4.00 per 1ea, https://productimages.coles.com.au/productimages/9/9096010.jpg
Somerdale Champagne Cheddar | approx100g, $4.16, $41.60 per 1kg, https://productimages.coles.com.au/productimages/4/4395964.jpg
Corams Baby Gripe Water | 200mL, $10.00, $5.00 per 100mL, https://productimages.coles.com.au/productimages/6/6060130.jpg
Tommee Tippee Baby Cherry Latex Dummy 2 Pack 18-36m | 2 pack, $6.30, $3.15 per 1ea, https://productimages.coles.com.au/productimages/5/5331082.jpg
Avent Soother Air Nighttime Mix Bpa Free 6-18 Months | 2 pack, $14.95, $7.48 per 1ea, https://productimages.coles.com.au/productimages/3/3840573.jpg
180 Degrees Walnut Oat Crackers | 150g, $4.80, $3.20 per 100g, https://productimages.coles.com.au/productimages/2/2791574.jpg
Casalingo Porchetta | approx 100g, $3.00, $30.00 per 1kg, https://productimages.coles.com.au/productimages/3/3607717.jpg
Coles Finest Fig & Walnut Pepperberry Paste | 100g, $3.15, $3.15 per 100g, https://productimages.coles.com.au/productimages/3/3609360.jpg
Babylove Unisex Cosifit Toddler Nappy 9-14 Kg Size 4 | 34 pack, $18.00, $0.53 per 1ea, https://productimages.coles.com.au/productimages/3/3595786.jpg
CUB 2 In 1 Bottle & Teat Brush With Silicone Base | 1 each, $7.00, $7.00 per 1ea, https://productimages.coles.com.au/productimages/4/4145934.jpg
CUB Organic Plant Based Sweet Potato Beetroot And Carrot With A Pinch Of Ginger 6M+ | 120g, $2.05, $1.71 per 100g, https://productimages.coles.com.au/productimages/3/3973577.jpg
Munchkin Stay Put Suction Plate | 1 each, $11.20, $11.20 per 1ea, https://productimages.coles.com.au/productimages/3/3507009.jpg
Coles Deli Salads Tub Large Classic Coleslaw | 1 each, $6.00, $6.00 per 1ea, https://productimages.coles.com.au/productimages/9/9105529.jpg
Oli6 Stage 1 Goat Milk Infant Formula 0-6 Months | 800g, $40.50, $5.06 per 100g, https://productimages.coles.com.au/productimages/3/3469340.jpg
Vicks Baby Balsam | 100g, $12.66, $12.66 per 100g, https://productimages.coles.com.au/productimages/5/5379690.jpg
Coles Finest Dutch 12 Month Aged Gouda | approx 100g, $5.30, $53.00 per 1kg, https://productimages.coles.com.au/productimages/5/5362938.jpg
Only Organic Cauliflower Broccoli & Cheddar | 120g, $1.50, $1.25 per 100g, https://productimages.coles.com.au/productimages/2/2134303.jpg
Huggies Little Swimmers Swim Nappies Small (7-12kg) | 12 pack, $17.00, $1.42 per 1ea, https://productimages.coles.com.au/productimages/8/8383300.jpg
Aveeno Baby Dermexa Fragrance Free Moisturising Cream | 206g, $24.50, $11.89 per 100g, https://productimages.coles.com.au/productimages/2/2918846.jpg
Amolin Nappy Rash Baby Cream | 100g, $8.00, $8.00 per 100g, https://productimages.coles.com.au/productimages/4/4209196.jpg
Makers Mark Kentucky Straight Bourbon Whisky 700mL | 1 Each, $66.00, $94.29 per 1L, https://productimages.coles.com.au/productimages/8/8337460.jpg
CUB Dribble Bandana Bibs | 2 pack, $4.20, $2.10 per 1ea, https://productimages.coles.com.au/productimages/4/4267534.jpg
Munchkin Love-A-Bowls | 10 Pack, $15.30, $1.53 per 1ea, https://productimages.coles.com.au/productimages/3/3507010.jpg
Aptamil Gold+ Colic & Constipation Baby Infant Formula From Birth to 12 Months | 900g, $32.00, $3.56 per 100g, https://productimages.coles.com.au/productimages/3/3292649.jpg
Jacob's Creek Reserve Chardonnay Pinot Noir 750mL | 1 Each, $16.00, $21.33 per 1L, https://productimages.coles.com.au/productimages/8/8273878.jpg
Tooshies Biodegrable Nappy Bags | 40 pack, $6.00, $0.15 per 1ea, https://productimages.coles.com.au/productimages/5/5239669.jpg
Alula S-26 Formula Gold Stage 4 Milk Drink 2years+ | 900g, $22.90, $2.54 per 100g, https://productimages.coles.com.au/productimages/3/3025813.jpg
De Bortoli Premium Colombard Chardonnay Cask 4 Litre | 1 Each, $22.00, $5.50 per 1L, https://productimages.coles.com.au/productimages/1/162708.jpg
B.box Snackbox Assorted | 1 pack, $12.80, $12.80 per 1ea, https://productimages.coles.com.au/productimages/5/5420535.jpg
De Bortoli Premium Shiraz Cabernet Cask 4Litre | 1 Each, $22.00, $5.50 per 1L, https://productimages.coles.com.au/productimages/1/101288.jpg
Huggies Ultra Dry Nappy Pants Boys Size 3 (6-12kg) | 36 pack, $22.00, $0.61 per 1ea, https://productimages.coles.com.au/productimages/4/4317778.jpg
Tommee Tippee Ultra-Light Silicone Dummy 2 Pack 0-6m | 2 pack, $9.85, $4.93 per 1ea, https://productimages.coles.com.au/productimages/3/3839756.jpg
Sudocrem Healing Cream | 30g, $8.25, $27.50 per 100g, https://productimages.coles.com.au/productimages/1/1223419.jpg
Barossa Valley Wine Co. Gravel Track Shiraz 750mL | 1 Each, $18.00, $24.00 per 1L, https://productimages.coles.com.au/productimages/2/2800008.jpg
Coles Finest Gorgonzola Dolce Dop | 200g, $9.00, $45.00 per 1kg, https://productimages.coles.com.au/productimages/3/3636792.jpg
Avent Air Mix Deco Soothers 6-18 Months | 2 pack, $13.95, $6.98 per 1ea, https://productimages.coles.com.au/productimages/1/1734473.jpg
Somersby Pear Cider Bottle 330mL | 6 Pack, $16.00, $8.08 per 1L, https://productimages.coles.com.au/productimages/1/1253170.jpg
Only Organic  Chicken Cheese & Cauliflower Rice | 120g, $1.50, $1.25 per 100g, https://productimages.coles.com.au/productimages/3/3772509.jpg
Coles Gold Newborn Infant Formula Stage 1 | 900g, $14.00, $1.56 per 100g, https://productimages.coles.com.au/productimages/3/3704815.jpg
Gaia Natural Baby Sleeptime Bubble Bath | 250mL, $8.00, $3.20 per 100mL, https://productimages.coles.com.au/productimages/5/5239691.jpg
Infacare Comfort Stage 2 Formula | 850g, $14.50, $1.71 per 100g, https://productimages.coles.com.au/productimages/5/5052861.jpg
Coopers Sparkling Ale Bottle 375mL | 6 Pack, $22.00, $0.98 per 100mL, https://productimages.coles.com.au/productimages/1/10955.jpg
Tommee Tippee Easiflow Trainer Cup 200ml 6m+ | 1 pack, $12.30, $12.30 per 1ea, https://productimages.coles.com.au/productimages/3/3479016.jpg
De Bortoli Premium Shiraz 'Pressings' Cask 4 Litre | 1 Each, $22.00, $0.55 per 100mL, https://productimages.coles.com.au/productimages/2/2950135.jpg
Tooheys Extra Dry Can 375mL | 8 Pack, $20.00, $6.67 per 1L, https://productimages.coles.com.au/productimages/5/5502833.jpg
Tarago Triple Cream | approx 100g, $6.16, $61.60 per 1kg, https://productimages.coles.com.au/productimages/3/3054710.jpg
BRITE BLONDE BRITE BLONDE ULTRA LOW CA, currently unavailable, currently unavailable per each, https://productimages.coles.com.au/productimages/2/2903317.jpg
Billson's Creamy Soda Vodka Mixed Drink 355mL | 4 Pack, $28.00, $19.72 per 1L, https://productimages.coles.com.au/productimages/4/4849370.jpg
Taylors Estate Cabernet Sauvignon 750mL | 1 Each, $23.00, $30.67 per 1L, https://productimages.coles.com.au/productimages/8/8227327.jpg
Berri Traditional Dry Red Cask 5L | 1 Each, $17.00, $3.40 per 1L, https://productimages.coles.com.au/productimages/5/550581.jpg
Woodstock Bourbon & Cola 6% 375mL | 4 Pack, $23.00, $15.33 per 1L, https://productimages.coles.com.au/productimages/9/9196998.jpg
Lindemans Bin 40 Merlot 750mL | 1 Each, $8.00, $10.67 per 1L, https://productimages.coles.com.au/productimages/8/8249068.jpg
Banrock Station Pink Moscato 750mL | 1 Each, $9.00, $12.00 per 1L, https://productimages.coles.com.au/productimages/8/8310680.jpg
Winesmiths Premium Selection Cabernet Sauvignon 2 Litre | 1 Each, $16.00, $8.00 per 1L, https://productimages.coles.com.au/productimages/1/101264.jpg
Jacob's Creek Merlot 750mL | 1 Each, $10.00, $13.33 per 1L, https://productimages.coles.com.au/productimages/8/8249716.jpg
Winesmiths Premium Selection Shiraz Cask 2 Litre | 1 Each, $16.00, $8.00 per 1L, https://productimages.coles.com.au/productimages/1/14250.jpg
Donnari Rosso Lambrusco 750mL | 1 Each, $8.00, $10.67 per 1L, https://productimages.coles.com.au/productimages/8/8234220.jpg
The Ned Rose 750mL | 1 Each, $20.00, $26.67 per 1L, https://productimages.coles.com.au/productimages/2/2824582.jpg
Penfolds Club Old Tawny 750mL | 1 Each, $17.00, $22.67 per 1L, https://productimages.coles.com.au/productimages/8/8226380.jpg
Kiddylicious Raspberry Crispie Tiddlers 12+ Months | 12g, $2.20, $18.33 per 100g, https://productimages.coles.com.au/productimages/2/2364948.jpg
Tooshies Eco Nappies Size 4 Toddler | 36 Pack, $26.00, $0.72 per 1ea, https://productimages.coles.com.au/productimages/3/3747013.jpg
Sapporo Bottles 355mL | 6 Pack, $18.00, $8.45 per 1L, https://productimages.coles.com.au/productimages/8/8776201.jpg
Tommee Tippee Night Time  Baby Dummy 2 Pack 18-36m | 2 pack, $8.75, $4.38 per 1ea, https://productimages.coles.com.au/productimages/3/3478942.jpg
Sapporo Can 500mL | 4 Pack, $20.00, $10.00 per 1L, https://productimages.coles.com.au/productimages/4/4684430.jpg
Carlton Draught Rack Pack Bottle 750mL | 3 Pack, $18.50, $8.22 per 1L, https://productimages.coles.com.au/productimages/7/7390537.jpg
Rafferty's Garden Beef Bolognese & Macaroni Mini Meal Baby Food Pouch 10+ Months | 170g, $2.80, $1.65 per 100g, https://productimages.coles.com.au/productimages/6/6026856.jpg
Smithy's Mid Strength Bottle 330mL | 6 Pack, $13.00, $6.57 per 1L, https://productimages.coles.com.au/productimages/4/4310983.jpg
Postcards from Italy Organic Pinot Grigio 750mL | 1 Each, $15.00, $20.00 per 1L, https://productimages.coles.com.au/productimages/3/3871329.jpg
Kiddylicious Banana Fruity Puffs 7+ Months | 10g, $2.20, $22.00 per 100g, https://productimages.coles.com.au/productimages/2/2365146.jpg
Bombay Sapphire Gin 1L | 1 Each, $73.00, $73.00 per 1L, https://productimages.coles.com.au/productimages/2/2840308.jpg
Strongbow Original Cider Bottle 330mL | 6 Pack, $12.00, $6.06 per 1L, https://productimages.coles.com.au/productimages/4/4996217.jpg
Kiddylicious Wafers Raspberry 4x4g | 16g, $3.20, $20.00 per 100g, https://productimages.coles.com.au/productimages/3/3998024.jpg
Yellow Tail Sauvignon Blanc 750mL | 1 Each, $10.00, $13.33 per 1L, https://productimages.coles.com.au/productimages/3/3268633.jpg
Botter Prosecco DOC 750mL | 1 Each, $14.00, $1.87 per 100mL, https://productimages.coles.com.au/productimages/3/3305128.jpg
Solo Lemon Flavour Multipack Cans 375mL | 10 pack, $15.00, $4.00 per 1L, https://productimages.coles.com.au/productimages/2/2684144.jpg
Sprite Zero Sugar Lemonade Soft Drink Multipack Mini Cans 6 x 250mL | 6 pack, $8.35, $5.57 per 1L, https://productimages.coles.com.au/productimages/4/4398758.jpg
Daybreak Soft Dry Red Cask 5L | 1 Each, currently unavailable, currently unavailable per each, https://productimages.coles.com.au/productimages/7/7011560.jpg
Coles Lightly Sparkling Natural Water | 1.25L, $1.50, $1.20 per 1L, https://productimages.coles.com.au/productimages/2/2778066.jpg
Pauls Zymil Full Cream UHT Milk 3x250mL | 750mL, $3.20, $0.43 per 100mL, https://productimages.coles.com.au/productimages/5/5310800.jpg
Diet Rite Apple Raspberry Cordial | 1L, $3.50, $3.50 per 1L, https://productimages.coles.com.au/productimages/3/3050071.jpg
Coles Green Nashi Pears Loose | approx 240g, $2.38, $9.90 per 1kg, https://productimages.coles.com.au/productimages/3/398010.jpg
Coles Dairy Free Barista Almond Milk | 1L, $3.50, $3.50 per 1L, https://productimages.coles.com.au/productimages/3/3496423.jpg
Soda Stream Gas Cylinder | 1pack, $35.00, $35.00 per 1ea, https://productimages.coles.com.au/productimages/3/3287503.jpg
Mount Franklin Spring Water Bottle | 1.5L, $2.70, $1.80 per 1L, https://productimages.coles.com.au/productimages/5/5161084.jpg
Mount Franklin Lightly Sparkling Raspberry | 1.25L, $1.35, $1.08 per 1L, https://productimages.coles.com.au/productimages/4/4678109.jpg
Sanitarium So Good Barista Oat Uht Milk | 1L, $4.00, $4.00 per 1L, https://productimages.coles.com.au/productimages/5/5318947.jpg
Campbell's V8 Tropical Juice | 1.25L, $4.40, $3.52 per 1L, https://productimages.coles.com.au/productimages/1/1165378.jpg
Coles Organic Pak Choy Bunch | 1 each, $5.50, $5.50 per 1ea, https://productimages.coles.com.au/productimages/5/5017430.jpg
Coles Fruit Drink Orange Mango | 2L, $2.30, $1.15 per 1L, https://productimages.coles.com.au/productimages/2/299517.jpg
Coles I'M Perfect Lemons Prepacked | 1kg, $7.90, $7.90 per 1kg, https://productimages.coles.com.au/productimages/3/3586912.jpg
Lipton Ice Tea Drink Lemon No Sugar | 1.5L, $4.90, $3.27 per 1L, https://productimages.coles.com.au/productimages/5/5171521.jpg
Pump Spring Water Bottle | 1.25L, $3.20, $2.56 per 1L, https://productimages.coles.com.au/productimages/8/8973472.jpg
Nudie Byron Breeze Juice | 2L, $7.00, $3.50 per 1L, https://productimages.coles.com.au/productimages/3/3738431.jpg
White Claw Hard Seltzer Natural Lime 330mL | 4 Pack, $19.00, $14.39 per 1L, https://productimages.coles.com.au/productimages/3/3915377.jpg
Coles Brown Nashi Pears | approx 150g, $1.49, $9.90 per 1kg, https://productimages.coles.com.au/productimages/9/9177982.jpg
Coles Kitchen Beetslaw Salad Kit | 320g, $5.50, $17.19 per 1kg, https://productimages.coles.com.au/productimages/3/3869699.jpg
Fresh Jalapeno Chillies | approx 34g, $1.02, $30.00 per 1kg, https://productimages.coles.com.au/productimages/8/8761656.jpg
Mr Finch Cider Rose Bottle 330mL | 6 Pack, $16.00, $0.81 per 100mL, https://productimages.coles.com.au/productimages/3/3643539.jpg
Pump Berry Storm Water Bottle | 750mL, $3.10, $4.13 per 1L, https://productimages.coles.com.au/productimages/1/1022600.jpg
Coles BBQ Crunch | approx 100g, $2.00, $20.00 per 1kg, https://productimages.coles.com.au/productimages/1/1960701.jpg
Mother Sugar Free Energy Drink Can | 500mL, $2.85, $5.70 per 1L, https://productimages.coles.com.au/productimages/9/9878386.jpg
Coles Cashew Mac Peanut Mix Rosted & Salted | 400g, $8.00, $20.00 per 1kg, https://productimages.coles.com.au/productimages/2/2603095.jpg
Sanitarium So Good High Protein Almond Milk | 1L, $3.40, $3.40 per 1L, https://productimages.coles.com.au/productimages/3/3782932.jpg
Devondale Sparkling Juice Apple | 750mL, $3.20, $4.27 per 1L, https://productimages.coles.com.au/productimages/4/4412622.jpg
Banrock Station Cabernet Merlot Cask 2L | 1 Each, $12.00, $6.00 per 1L, https://productimages.coles.com.au/productimages/4/445603.jpg
Golden Circle  Pineapple Juice Fruit Juice | 2L, $4.80, $2.40 per 1L, https://productimages.coles.com.au/productimages/5/5487536.jpg
Coles Kitchen Kaleslaw Kit | 550g, $7.00, $12.73 per 1kg, https://productimages.coles.com.au/productimages/4/4957419.jpg
Zilzie Estate Merlot 750mL | 1 Each, $7.00, $9.33 per 1L, https://productimages.coles.com.au/productimages/8/8662440.jpg
Cassidy Cream Liqueur 750mL | 1 Each, $16.00, $21.33 per 1L, https://productimages.coles.com.au/productimages/5/5020581.jpg
Coles Kitchen Broccoli Florets | 150g, $2.00, $13.33 per 1kg, https://productimages.coles.com.au/productimages/2/2310971.jpg
Schweppes Zero Sugar Raspberry | 1.1L, $2.60, $2.36 per 1L, https://productimages.coles.com.au/productimages/3/3270249.jpg
Vitasoy Soy Milky Lite Long Life Milk 1L | 1L, $2.45, $2.45 per 1L, https://productimages.coles.com.au/productimages/5/5231306.jpg
Impressed Easy Greens Juice | 1L, $5.50, $5.50 per 1L, https://productimages.coles.com.au/productimages/3/3183880.jpg
Coles Kitchen Mexican Style Salad Kit | 400g, $5.50, $13.75 per 1kg, https://productimages.coles.com.au/productimages/3/3015966.jpg
Uncle Tobys Oat Milk | 1L, $2.80, $2.80 per 1L, https://productimages.coles.com.au/productimages/4/4308722.jpg
Bickford's Lemon Lime & Bitters Cordial | 750mL, $4.50, $6.00 per 1L, https://productimages.coles.com.au/productimages/6/6875359.jpg
Coles Coffee Decaffeinated | 100g, $4.00, $4.00 per 100g, https://productimages.coles.com.au/productimages/5/5334660.jpg
Stones Green Ginger Wine 750mL | 1 Each, $15.00, $20.00 per 1L, https://productimages.coles.com.au/productimages/8/8229242.jpg
Coles Prunes | approx 100g, $1.70, $17.00 per 1kg, https://productimages.coles.com.au/productimages/8/8417060.jpg
Australia's Own Chocolate Hazelnut Milk | 1L, $3.70, $3.70 per 1L, https://productimages.coles.com.au/productimages/5/5311416.jpg
Coles Butter Salad Leaf | 200g, $4.50, $22.50 per 1kg, https://productimages.coles.com.au/productimages/5/5654650.jpg
Market Lane Honey Macadamias | 350g, $14.00, $40.00 per 1kg, https://productimages.coles.com.au/productimages/5/5724278.jpg
Coles Honey Cashews | 350g, $9.00, $25.72 per 1kg, https://productimages.coles.com.au/productimages/3/3505240.jpg
Coles Kitchen Corn Slaw | 350g, $4.00, $11.43 per 1kg, https://productimages.coles.com.au/productimages/6/6062995.jpg
Coles Sliced Vitamin D Mushrooms | 300g, $6.50, $21.67 per 1kg, https://productimages.coles.com.au/productimages/2/2408646.jpg
Coles White Onions Loose | approx 160g, $0.80, $5.00 per 1kg, https://productimages.coles.com.au/productimages/4/410443.jpg
Daily Juice No Added Sugar Pulpy Orange Juice | 500mL, $2.40, $4.80 per 1L, https://productimages.coles.com.au/productimages/8/8756102.jpg
Whispers Sparkling Moscato 750mL | 1 Each, $5.00, $6.67 per 1L, https://productimages.coles.com.au/productimages/8/8325144.jpg
Kirks Drink Pasito Sugar Free 10x375mL | 10 pack, $11.60, $3.09 per 1L, https://productimages.coles.com.au/productimages/4/4395851.jpg
Coles Roasted And Salted Peanuts And Cashews | 800g, $9.00, $11.25 per 1kg, https://productimages.coles.com.au/productimages/2/2742513.jpg
Nuris Organic Wild Pomegranate Juice Bottle | 1L, $6.70, $6.70 per 1L, https://productimages.coles.com.au/productimages/5/5972291.jpg
Wild Turkey Rare & Cola Can 8% 320mL | 4 Pack, $32.00, $25.00 per 1L, https://productimages.coles.com.au/productimages/2/2113653.jpg
Coles Kitchen Pasta Salad | 800g, $7.00, $8.75 per 1kg, https://productimages.coles.com.au/productimages/1/1991647.jpg
Coles Kitchen Salad Extra Creamy Coleslaw Kit | 500g, $4.50, $9.00 per 1kg, https://productimages.coles.com.au/productimages/5/5485993.jpg
Market Lane Smoked Almonds | 500g, $10.00, $20.00 per 1kg, https://productimages.coles.com.au/productimages/6/6054534.jpg
Coles Okra loose | approx 200g, $3.40, $17.00 per 1kg, https://productimages.coles.com.au/productimages/4/4913129.jpg
Coles Organic Pink Lady Apple | 1kg, currently unavailable, currently unavailable per each, https://productimages.coles.com.au/productimages/4/4678233.jpg
Coles Baby Leaf Salad & Beetroot | 150g, $3.00, $20.00 per 1kg, https://productimages.coles.com.au/productimages/5/5040192.jpg
Gatorade Fierce Blue Bolt Sports Drink | 600mL, $2.30, $3.83 per 1L, https://productimages.coles.com.au/productimages/6/6157082.jpg
Coles Symphony Lettuce Decorative | 1 each, $3.20, $3.20 per 1ea, https://productimages.coles.com.au/productimages/9/9135406.jpg
Coles Herb Punnets Sage | 10g, $3.20, $3.20 per 10g, https://productimages.coles.com.au/productimages/3/3215138.jpg
Coles Drinking Coconut | 1 each, $4.50, $4.50 per 1ea, https://productimages.coles.com.au/productimages/5/5582887.jpg
Beyond the Wilderness Pinot Noir 750mL | 1 Each, $20.00, $26.67 per 1L, https://productimages.coles.com.au/productimages/4/4222060.jpg
Iron Jack Block Can 375mL | 30 Pack, $55.00, $0.49 per 100mL, https://productimages.coles.com.au/productimages/3/3066038.jpg
Coles Classic Granulated Coffee | 200g, $3.70, $1.85 per 100g, https://productimages.coles.com.au/productimages/5/5892498.jpg
Moccona Cafe Classics Caramel Latte Sachets | 10 pack, $3.50, $0.35 per 1ea, https://productimages.coles.com.au/productimages/4/4405536.jpg
Fanta Orange Soft Drink Multipack Cans 10x375mL | 10 pack, $8.75, $2.33 per 1L, https://productimages.coles.com.au/productimages/1/1849330.jpg
Coles White Flat Mushrooms | 375g, $7.50, $20.00 per 1kg, https://productimages.coles.com.au/productimages/4/4835466.jpg
Coles Organic Carrots Prepacked | 2kg, $6.00, $3.00 per 1kg, https://productimages.coles.com.au/productimages/4/4995826.jpg
Boss Latte 4x237mL | 4 pack, $10.40, $10.97 per 1L, https://productimages.coles.com.au/productimages/5/5161561.jpg
Impressed Essentials Berry Bliss | 1L, $4.00, $4.00 per 1L, https://productimages.coles.com.au/productimages/5/5626326.jpg
Coles Custard Apple Loose | approx 420g, $4.41, $10.50 per 1kg, https://productimages.coles.com.au/productimages/4/409568.jpg
Monster Pipeline Punch Can | 500mL, $3.70, $7.40 per 1L, https://productimages.coles.com.au/productimages/3/3511469.jpg
Coles Kitchen Classic Coleslaw Salad | 400g, $5.00, $12.50 per 1kg, https://productimages.coles.com.au/productimages/5/5504613.jpg
V Energy Refresh Drink Citrus Lemonade 4x250mL | 4 pack, $10.00, $10.00 per 1L, https://productimages.coles.com.au/productimages/5/5486373.jpg
Vitasoy Protein Plus | 1L, $3.00, $3.00 per 1L, https://productimages.coles.com.au/productimages/2/2807142.jpg
Coles Natural Macadamias | 400g, $18.00, $45.00 per 1kg, https://productimages.coles.com.au/productimages/5/5272391.jpg
Twinings Live Well Sleep Well Tea Bags | 22 pack, $8.50, $0.39 per 1ea, https://productimages.coles.com.au/productimages/4/4985593.jpg
Coles Herb Punnets Lemongrass | 30g, $3.20, $3.20 per 1ea, https://productimages.coles.com.au/productimages/5/5747863.jpg
Sprite Lemonade Soft Drink Can | 250mL, $1.80, $7.20 per 1L, https://productimages.coles.com.au/productimages/2/2034138.jpg
Coles Fresh Chillies Mixed | 200g, $3.00, $15.00 per 1kg, https://productimages.coles.com.au/productimages/3/3884820.jpg
Fanta Orange Soft Drink Can | 250mL, $1.80, $7.20 per 1L, https://productimages.coles.com.au/productimages/2/2034149.jpg
Coles Mushrooms Mince | 300g, $5.50, $18.33 per 1kg, https://productimages.coles.com.au/productimages/4/4153546.jpg
Coles Pumpkin Seeds | approx 100g, $2.00, $20.00 per 1kg, https://productimages.coles.com.au/productimages/8/8412599.jpg
Coles Organic Baby Cos Lettuce | 2 pack, $5.00, $2.50 per 1ea, https://productimages.coles.com.au/productimages/9/9210035.jpg
Coles Herb Thai Basil Punnet | 15g, $3.00, $2.00 per 10g, https://productimages.coles.com.au/productimages/3/3593430.jpg
Coles Organic Snacking Tomatoes | 200g, currently unavailable, currently unavailable per each, https://productimages.coles.com.au/productimages/8/8412726.jpg
Coles Honey & Dijon Soy Crisps | approx 100g, $1.80, $18.00 per 1kg, https://productimages.coles.com.au/productimages/8/8704696.jpg
Coles Kitchen Carrot Sticks | 150g, $2.00, $13.33 per 1kg, https://productimages.coles.com.au/productimages/2/2313448.jpg
Coopers Pale Ale Can 375mL | 6 Pack, $20.00, $0.89 per 100mL, https://productimages.coles.com.au/productimages/3/3330715.jpg
Coles Durian Loose | 1 each, $37.76, $18.88 per 1kg, https://productimages.coles.com.au/productimages/1/111227.jpg
Coles Organic Coriander Bunch | 1 bunch, $4.50, $4.50 per 1ea, https://productimages.coles.com.au/productimages/9/9572863.jpg
Coles Chilli & Maple Cashews | approx 100g, $3.50, $35.00 per 1kg, https://productimages.coles.com.au/productimages/3/3324767.jpg
Coles Ginger | approx 100g, $2.00, $20.00 per 1kg, https://productimages.coles.com.au/productimages/8/8412635.jpg
Hart & Soul Laksa Soup Pouch | 400g, $3.80, $0.95 per 100g, https://productimages.coles.com.au/productimages/3/3270657.jpg
Coles Speckles | approx 100g, $2.50, $25.00 per 1kg, https://productimages.coles.com.au/productimages/3/3770059.jpg
Nivea Men Roll On Intense Protection Fresh | 50mL, $3.69, $7.38 per 100mL, https://productimages.coles.com.au/productimages/5/5355182.jpg
Hart & Soul Pouch Soup Chunky Chickpea & Vegetable | 400g, $3.80, $0.95 per 100g, https://productimages.coles.com.au/productimages/4/4818718.jpg
Dove Body Wash Restoring | 500mL, $7.00, $1.40 per 100mL, https://productimages.coles.com.au/productimages/3/3978741.jpg
Red Tractor Collagen Almond Berry Granola | 450g, $7.70, $1.71 per 100g, https://productimages.coles.com.au/productimages/4/4312898.jpg
Coles Tropical Fish Food Flakes | 36g, $4.40, $12.22 per 100g, https://productimages.coles.com.au/productimages/7/7765549.jpg
Coles Kitchen Cauliflower Rice | 300g, $3.00, $10.00 per 1kg, https://productimages.coles.com.au/productimages/2/2860269.jpg
Betadine Sore Throat Lozenges Anaesthetic Berry | 36 pack, $10.00, $0.28 per 1ea, https://productimages.coles.com.au/productimages/4/4993300.jpg
Australian Organic Roast Pumpkin & Sweet Potato Soup | 330g, $3.90, $1.18 per 100g, https://productimages.coles.com.au/productimages/6/6126249.jpg
MasterFoods Hollandaise Finishing Sauce | 160g, $2.50, $0.16 per 10g, https://productimages.coles.com.au/productimages/4/4697216.jpg
Coles Happy Birthday Glitter Cake Topper | 1 each, $2.80, $2.80 per 1ea, https://productimages.coles.com.au/productimages/3/3987287.jpg
Old Time Bakery Gluten Free Lebanese Wholemeal Bread | 250g, $5.80, $2.32 per 100g, https://productimages.coles.com.au/productimages/4/4654031.jpg
Nivea Women Roll On Intense Protection Comfort | 50mL, $3.69, $7.38 per 100mL, https://productimages.coles.com.au/productimages/5/5355160.jpg
Hart & Soul Coconut Lentil Soup Pouch | 400g, $3.80, $0.95 per 100g, https://productimages.coles.com.au/productimages/3/3270715.jpg
Charlotte'S Bakery Slow Cooked Steak & Mushroom Pies 2 Pack | 400g, $8.20, $2.05 per 100g, https://productimages.coles.com.au/productimages/5/5140550.jpg
OMO Ultimate Laundry Liquid | 4L, $34.00, $8.50 per 1L, https://productimages.coles.com.au/productimages/5/5101311.jpg
Hart & Soul Gluten Free Spiced Lentil Soup Pouch | 400g, $3.80, $0.95 per 100g, https://productimages.coles.com.au/productimages/3/3399416.jpg
Maldon Smoked Sea Salt | 125g, $5.00, $0.40 per 10g, https://productimages.coles.com.au/productimages/3/3790941.jpg
Nivea Women Deodorant Roll On Pearl & Beauty | 50mL, $3.69, $7.38 per 100mL, https://productimages.coles.com.au/productimages/5/5311289.jpg
Cafe Peak Mega Hit Iced Long Black Coffee | 240mL, $2.40, $10.00 per 1L, https://productimages.coles.com.au/productimages/5/5443541.jpg
Mckenzie's Fibre Superblend | 375g, $3.90, $1.04 per 100g, https://productimages.coles.com.au/productimages/6/6307630.jpg
Well & Good Traditional Cheddar Flavour Vegan Cheesy Mac | 110g, $4.25, $3.86 per 100g, https://productimages.coles.com.au/productimages/3/3405144.jpg
Coles Bunting Multicoloured | 1 each, $4.05, $4.05 per 1ea, https://productimages.coles.com.au/productimages/4/4148998.jpg
Somat Intensive Machine Cleaner | 250mL, $5.40, $2.16 per 100mL, https://productimages.coles.com.au/productimages/6/6207147.jpg
Coles Tall Glitter Candles White Or Pastel | 16 pack, $4.70, $0.29 per 1ea, https://productimages.coles.com.au/productimages/3/3987470.jpg
Nivea Men Deodorant Roll On Intense Protection Strength | 50mL, $3.69, $7.38 per 100mL, https://productimages.coles.com.au/productimages/5/5311212.jpg
Queen Victoria Tea Awaken Blend Tea Bags | 18 pack, $4.50, $0.25 per 1ea, https://productimages.coles.com.au/productimages/4/4971781.jpg
Nivea Women Deodorant Intense Protection Roll On Fresh | 50mL, $3.69, $7.38 per 100mL, https://productimages.coles.com.au/productimages/5/5311234.jpg
Coles Happy Birthday Edible Cake Plaque | 1 each, $2.70, $2.70 per 1ea, https://productimages.coles.com.au/productimages/3/3668981.jpg
Whole Earth Baking 100% Natural Sweetener | 600g, $12.00, $2.00 per 100g, https://productimages.coles.com.au/productimages/3/3771867.jpg
Coles Happy Birthday Acrylic Plaque Gold & Silver Small | 1 each, $2.70, $2.70 per 1ea, https://productimages.coles.com.au/productimages/3/3669033.jpg
Pure Origin Tasmanian Gin 700mL | 1 Each, $60.00, $85.72 per 1L, https://productimages.coles.com.au/productimages/4/4674458.jpg
Charlotte's Bakery Slow Cooked Beef Pies 2 Pack | 400g, $8.20, $2.05 per 100g, https://productimages.coles.com.au/productimages/5/5139686.jpg
Peter Lehmann Shoulder to Shoulder Grenache 750mL | 1 Each, $15.00, $20.00 per 1L, https://productimages.coles.com.au/productimages/4/4335827.jpg
Coles Tall Glitter Candles Gold Or Silver | 16 pack, $4.70, $0.29 per 1ea, https://productimages.coles.com.au/productimages/3/3987447.jpg
Twinings Irish Breakfast Tea Bags 100 pack | 200g, $6.75, $0.07 per 1ea, https://productimages.coles.com.au/productimages/8/83584.jpg
Provedore Chorizo Crumb | 100g, $4.00, $40.00 per 1kg, https://productimages.coles.com.au/productimages/3/3881526.jpg
Nivea Men Deodorant Roll On Intense Protection Sport | 50mL, $3.69, $7.38 per 100mL, https://productimages.coles.com.au/productimages/5/5311201.jpg
Pitango Soup Potato & Leek | 350g, $4.75, $1.36 per 100g, https://productimages.coles.com.au/productimages/6/6282368.jpg
Radiant Laundry Liquid Whites & Colours | 4L, $23.00, $5.75 per 1L, https://productimages.coles.com.au/productimages/5/5109460.jpg
Postcards from Italy Organic Montepulciano 750mL | 1 Each, $15.00, $20.00 per 1L, https://productimages.coles.com.au/productimages/3/3871410.jpg
Coles Perform Thai Chicken Noodle Soup | 400g, $5.00, $1.25 per 100g, https://productimages.coles.com.au/productimages/5/5071040.jpg
Coles Pancake & Pikelet Mix | 300g, $1.20, $0.40 per 100g, https://productimages.coles.com.au/productimages/2/2517357.jpg
Coles Heavy Duty Fabric Strips | 40 pack, $3.20, $0.08 per 1ea, https://productimages.coles.com.au/productimages/3/3540219.jpg
Coles Bunting Gold | 1 each, $4.05, $4.05 per 1ea, https://productimages.coles.com.au/productimages/4/4149232.jpg
Snackzilla Crackers Cheesy Fava Bean 5 Pack | 90g, $5.00, $5.56 per 100g, https://productimages.coles.com.au/productimages/5/5605031.jpg
Straten Paper Cups | 15 pack, $3.60, $0.24 per 1ea, https://productimages.coles.com.au/productimages/3/3532130.jpg
Street Supreme Pizza | 385g, $8.60, $2.23 per 100g, https://productimages.coles.com.au/productimages/3/3857769.jpg
La Espanola Olive Oil Light | 500mL, $7.00, $1.40 per 100mL, https://productimages.coles.com.au/productimages/5/5833477.jpg
Heinz One Pan Spanish Style Veg Paella Rice Meal | 600g, $9.00, $1.50 per 100g, https://productimages.coles.com.au/productimages/5/5642480.jpg
Blackmores Omega Triple Concentrated Fish Oil Capsules | 60 pack, $31.00, $51.67 per 100ea, https://productimages.coles.com.au/productimages/2/2108347.jpg
Coles Kent Pumpkin Whole | approx 4Kg, $12.00, $3.00 per 1kg, https://productimages.coles.com.au/productimages/4/4183558.jpg
Twinings Australian Afternoon Tea Bags | 100 pack, $6.75, $0.07 per 1ea, https://productimages.coles.com.au/productimages/8/8930039.jpg
Coles Perform Chicken Kale & Quinoa Soup | 400g, $5.00, $1.25 per 100g, https://productimages.coles.com.au/productimages/5/5071017.jpg
Charlotte's Bakery Slow Cooked Steak & Pepper Pies 2 pack | 400g, $8.20, $2.05 per 100g, https://productimages.coles.com.au/productimages/5/5139890.jpg
Vegeta Real Gourmet Stock | 500g, $6.50, $1.30 per 100g, https://productimages.coles.com.au/productimages/5/5728508.jpg
Tinnies Stout Can 375mL | 4 Pack, $23.00, $15.33 per 1L, https://productimages.coles.com.au/productimages/5/5193150.jpg
Lemsip Max With Decongestant Lemon | 10 pack, $15.00, $1.50 per 1ea, https://productimages.coles.com.au/productimages/6/6419815.jpg
Old Time Bakery Gluten Free  Multigrain Wraps | 250g, $5.80, $2.32 per 100g, https://productimages.coles.com.au/productimages/4/4654010.jpg
Tinnies Hazy Pale Can 375mL | 24 Pack, $61.00, $6.78 per 1L, https://productimages.coles.com.au/productimages/4/4225873.jpg
Micro Protect Surgical Mask Level 3  | 10 pack, $5.00, $0.50 per 1ea, https://productimages.coles.com.au/productimages/4/4740280.jpg
Buderim Ginger Beer & Spiced Rum 250mL | 4 Pack, $16.50, $16.50 per 1L, https://productimages.coles.com.au/productimages/2/2662072.jpg
Difflam Plus Anaesthetic Honey And Lemon Flavour Lozenges | 16 pack, $8.00, $0.50 per 1ea, https://productimages.coles.com.au/productimages/3/3160659.jpg
Betadine Sore Throat Gargle Ready To Use | 120mL, $15.40, $12.83 per 100mL, https://productimages.coles.com.au/productimages/7/7813266.jpg
Vicks Nasal Decongestant Inhaler | 2 pack, $14.90, $7.45 per 1ea, https://productimages.coles.com.au/productimages/3/3628433.jpg
Jordans Simply Crunchy Oat Granola | 750g, $8.50, $1.13 per 100g, https://productimages.coles.com.au/productimages/2/2499255.jpg
Queen Victoria Tea Digest Blend Tea Bags | 18 pack, $4.50, $0.25 per 1ea, https://productimages.coles.com.au/productimages/4/4971770.jpg
Dryer Balls | 2 pack, $12.00, $6.00 per 1ea, https://productimages.coles.com.au/productimages/5/5854943.jpg
Difflam Plus Blackcurrant Flavour Anaesthetic Lozenges | 16 pack, $8.00, $0.50 per 1ea, https://productimages.coles.com.au/productimages/3/3160648.jpg
Moccona Classic Medium Decaffeinated Instant Coffee | 100g, $9.00, $9.00 per 100g, https://productimages.coles.com.au/productimages/2/25249.jpg
Sapporo Bottles 355mL | 24 pack, $57.00, $0.67 per 100mL, https://productimages.coles.com.au/productimages/8/8776176.jpg
Coles Lamb Rack Roast | approx 900g, $31.50, $35.00 per 1kg, https://productimages.coles.com.au/productimages/9/9264409.jpg
Cenovis Sugarless Vitamin C 500mg Tablets For Immunity | 300 pack, $17.00, $0.06 per 1ea, https://productimages.coles.com.au/productimages/9/9461738.jpg
Coles Instant Roast Meat Gravy Mix | 120g, $2.10, $0.18 per 10g, https://productimages.coles.com.au/productimages/7/7755170.jpg
Coles Conforming Bandage | 1 each, $2.50, $2.50 per 1ea, https://productimages.coles.com.au/productimages/3/3540004.jpg
Charlotte'S Bakery Slow Cooked Beef Shiraz & Onion Pies 2 Pack | 400g, $8.20, $2.05 per 100g, https://productimages.coles.com.au/productimages/5/5142046.jpg
Guinness Draught Can 440mL | 24 Pack, $73.00, $6.91 per 1L, https://productimages.coles.com.au/productimages/9/95471.jpg
Coles Perform Build Chicken Minestrone Soup | 450g, $5.00, $1.11 per 100g, https://productimages.coles.com.au/productimages/6/6009904.jpg
Starbucks Signature Hot Chocolate 42% Cocoa | 330g, $6.00, $1.82 per 100g, https://productimages.coles.com.au/productimages/5/5038645.jpg
Green's Gluten Free Pancake Shake Mix Buttermilk | 300g, $3.50, $1.17 per 100g, https://productimages.coles.com.au/productimages/2/2516730.jpg
Ease A Cold Cough Cold & Flu Day & Night Capsules | 24 pack, $12.60, $0.53 per 1ea, https://productimages.coles.com.au/productimages/9/9738387.jpg
Penfolds Bin 8 Shiraz Cabernet 750mL | 1 Each, $35.00, $46.67 per 1L, https://productimages.coles.com.au/productimages/8/8790326.jpg
Jordans Crispy Oat Clusters Wild About Berries Cereal | 500g, $8.50, $1.70 per 100g, https://productimages.coles.com.au/productimages/2/2499084.jpg
Coles Perform Mexican Style Beef & Bean Soup | 400g, $5.00, $1.25 per 100g, https://productimages.coles.com.au/productimages/5/5071028.jpg
International Roast Instant Coffee | 500g, $14.00, $2.80 per 100g, https://productimages.coles.com.au/productimages/3/340246.jpg
Nurofen Cold and Flu Multi-Symptom Relief Tablets 200mg Ibuprofen | 12 pack, $9.00, $0.75 per 1ea, https://productimages.coles.com.au/productimages/1/1216741.jpg
Bushells Blue Label Black Tea Bags | 100 pack, $3.85, $0.04 per 1ea, https://productimages.coles.com.au/productimages/2/250154.jpg
Vicks VapoRub Ointment Decongestant Chest Rub | 50g, $8.90, $17.80 per 100g, https://productimages.coles.com.au/productimages/1/101915.jpg
Quilton 3 Ply Tissues Cooling Vitamin E | 95 pack, $2.80, $2.95 per 100ea, https://productimages.coles.com.au/productimages/3/3757130.jpg
Ease A Cold Cold & Congestion Day & Night Capsules | 30 pack, $10.15, $0.34 per 1ea, https://productimages.coles.com.au/productimages/6/6933761.jpg
Vicks VapoRub Ointment Decongestant Chest Rub | 100g, $14.90, $14.90 per 100g, https://productimages.coles.com.au/productimages/1/136079.jpg
Panadol Children's Chewable  7+ Years | 12 Pack, $6.85, $0.57 per 1ea, https://productimages.coles.com.au/productimages/4/4198872.jpg
Heinz One Pan Italian Risotto Frozen Rice Meal | 600g, $9.00, $1.50 per 100g, https://productimages.coles.com.au/productimages/5/5642537.jpg
Nestle Milkybar Hot Chocolate | 10 pack, $7.00, $0.70 per 1ea, https://productimages.coles.com.au/productimages/3/3735411.jpg
The Pancake Parlour Buttermilk Pancake Mix | 500g, $7.95, $1.59 per 100g, https://productimages.coles.com.au/productimages/7/7571270.jpg
Vitasoy Oat Unsweetened Milk | 1L, $3.60, $3.60 per 1L, https://productimages.coles.com.au/productimages/4/4483438.jpg
A2 Light Milk | 3L, $9.80, $3.27 per 1L, https://productimages.coles.com.au/productimages/4/4182384.jpg
Coles Gouda Cheese Slices | 200g, $5.00, $25.00 per 1kg, https://productimages.coles.com.au/productimages/1/1462533.jpg
Chobani Fit Vanilla Yoghurt Pot | 170g, $2.70, $1.59 per 100g, https://productimages.coles.com.au/productimages/3/3246787.jpg
Chobani Minis Yogurt Red Riot Strawberry Guava Pouch | 110g, $0.90, $0.82 per 100g, https://productimages.coles.com.au/productimages/4/4514564.jpg
Chobani Minis Yogurt Groovy Green Apple Pear Pouch | 110g, $0.90, $0.82 per 100g, https://productimages.coles.com.au/productimages/4/4514586.jpg
Coles Ricotta Spinach Agnolotti Pasta | 600g, $5.00, $0.83 per 100g, https://productimages.coles.com.au/productimages/2/2714303.jpg
Dairy Farmers Thick & Creamy Lemon Cream Yoghurt | 150g, $1.80, $1.20 per 100g, https://productimages.coles.com.au/productimages/1/1198537.jpg
Latina Fresh Lasagne Sheets 8 Pack | 375g, $5.00, $1.33 per 100g, https://productimages.coles.com.au/productimages/5/5165427.jpg
Bulla Dairy Low Fat Plain Cottage Cheese | 200g, $3.80, $19.00 per 1kg, https://productimages.coles.com.au/productimages/3/393989.jpg
Chobani Flip Strawberry Shortcake Yoghurt | 140g, $2.50, $1.79 per 100g, https://productimages.coles.com.au/productimages/2/2974982.jpg
Coles Dairy Strawberry Yoghurt | 1kg, $4.00, $0.40 per 100g, https://productimages.coles.com.au/productimages/9/9554497.jpg
Great Ocean Road Full Cream Milk | 3L, $6.30, $2.10 per 1L, https://productimages.coles.com.au/productimages/4/4490331.jpg
Cheer Dairy Tasty Light Cheese Slices | 500g, $10.30, $20.60 per 1kg, https://productimages.coles.com.au/productimages/5/5292118.jpg
Yallamundi Farm Organic Free Range Eggs 12 Pack | 700g, $12.50, $1.79 per 100g, https://productimages.coles.com.au/productimages/5/5337624.jpg
Vaalia Probiotics Banana Kids Yoghurt Pouch | 140g, $2.40, $1.71 per 100g, https://productimages.coles.com.au/productimages/8/8704346.jpg
Kettle Sea Salt Flat Bread Crackers | 150g, $2.37, $1.58 per 100g, https://productimages.coles.com.au/productimages/3/3496445.jpg
Black Swan Dip Reduced Fat Roasted Capsicum | 200g, $4.00, $2.00 per 100g, https://productimages.coles.com.au/productimages/8/8750208.jpg
Cheer Colby Cheese Slices | 500g, $10.30, $20.60 per 1kg, https://productimages.coles.com.au/productimages/2/2781978.jpg
Pantene  Repair & Protect Conditioner | 375mL, $5.00, $1.33 per 100mL, https://productimages.coles.com.au/productimages/3/3723387.jpg
Sunrice Basmati Rice | 2kg, $12.50, $0.63 per 100g, https://productimages.coles.com.au/productimages/5/5877359.jpg
Nescafe Scorched Almond Salted Caramel Mocha Sachets 10X18g | 10 pack, $3.80, $0.38 per 1ea, https://productimages.coles.com.au/productimages/4/4926652.jpg
Bega Tasty Cheese Grated | 250g, $7.00, $28.00 per 1kg, https://productimages.coles.com.au/productimages/4/4209549.jpg
Dairylea Less Fat Light Cheese Slices 24 Pack | 432g, $8.50, $19.68 per 1kg, https://productimages.coles.com.au/productimages/6/6679678.jpg
Coles Deli Danish Fetta Cheese | approx 100g, $2.13, $21.30 per 1kg, https://productimages.coles.com.au/productimages/3/3218657.jpg
Swisspers Cotton Balls | 200 pack, $3.80, $1.90 per 100ea, https://productimages.coles.com.au/productimages/9/9790569.jpg
Sensodyne Sensitive Teeth Pain Rapid Relief Toothpaste | 100g, $8.60, $8.60 per 100g, https://productimages.coles.com.au/productimages/3/3132290.jpg
Big M Strawberry Flavoured Milk | 600mL, $3.40, $5.67 per 1L, https://productimages.coles.com.au/productimages/3/3034257.jpg
Oak Classic Chocolate Flavoured Milk | 2L, $6.50, $3.25 per 1L, https://productimages.coles.com.au/productimages/1/13090.jpg
Rexona Men Original Roll On Deodorant | 50mL, $4.50, $9.00 per 100mL, https://productimages.coles.com.au/productimages/5/5052920.jpg
Mersey Valley Club Classic Cheddar Cheese | 235g, $9.95, $42.34 per 1kg, https://productimages.coles.com.au/productimages/4/4513200.jpg
Sunrice Naturally Sushi Rice | 1kg, $4.70, $0.47 per 100g, https://productimages.coles.com.au/productimages/5/5860957.jpg
Vitasoy Chocolate Soy Milk | 1L, $3.00, $3.00 per 1L, https://productimages.coles.com.au/productimages/4/4619303.jpg
Yumi's Gluten Free Classic Sweet Potato & Roasted Cashews Dip | 200g, $4.50, $2.25 per 100g, https://productimages.coles.com.au/productimages/6/6008650.jpg
A2 Lactose Free Light Milk | 1L, $3.90, $3.90 per 1L, https://productimages.coles.com.au/productimages/5/5592880.jpg
Coles Smooth Ricotta | 375g, $3.60, $9.60 per 1kg, https://productimages.coles.com.au/productimages/2/2212666.jpg
Black Swan Spicy Capsicum Dip | 200g, $4.00, $2.00 per 100g, https://productimages.coles.com.au/productimages/7/7604867.jpg
Sunrice Family Size Microwavable Brown Rice | 450g, $4.00, $0.89 per 100g, https://productimages.coles.com.au/productimages/6/6545773.jpg
Sanitarium Up And Go Strawberry Cereal 3x250mL | 750mL, $5.20, $6.93 per 1L, https://productimages.coles.com.au/productimages/8/8037809.jpg
Head & Shoulders Shampoo Smooth & Silky | 660mL, $10.50, $1.59 per 100mL, https://productimages.coles.com.au/productimages/3/3980073.jpg
Palmolive Men Active Shower Gel | 1L, $10.00, $1.00 per 100mL, https://productimages.coles.com.au/productimages/8/8692371.jpg
Dare Caramel Latte Flavoured Milk | 750mL, $3.80, $5.07 per 1L, https://productimages.coles.com.au/productimages/5/5601653.jpg
Durex Pleasure Me Condoms | 10 pack, $5.50, $0.55 per 1ea, https://productimages.coles.com.au/productimages/2/2861771.jpg
Dare Mocha Iced Coffee | 500mL, $3.70, $7.40 per 1L, https://productimages.coles.com.au/productimages/3/3033957.jpg
Dairy Farmers Thick & Creamy Yoghurt Lemon | 600g, $4.50, $0.75 per 100g, https://productimages.coles.com.au/productimages/3/3830864.jpg
Chobani Flip Cookies & Cream Crunch Yoghurt | 140g, $2.50, $1.79 per 100g, https://productimages.coles.com.au/productimages/3/3246700.jpg
Libra Night Pants Large | 2 pack, $3.08, $1.54 per 1ea, https://productimages.coles.com.au/productimages/3/3760248.jpg
Chobani Greek Yogurt Blueberry | 160g, $2.50, $1.56 per 100g, https://productimages.coles.com.au/productimages/5/5938704.jpg
Bulla Aussie Style Yoghurt Vanilla | 160g, $1.20, $0.75 per 100g, https://productimages.coles.com.au/productimages/5/5325396.jpg
Perfect Italiano Grated Cheese Perfect Bakes | 250g, $5.00, $20.00 per 1kg, https://productimages.coles.com.au/productimages/3/3274024.jpg
Nivea Body Lotion Cocoa Butter Indulge | 400mL, $9.50, $2.38 per 100mL, https://productimages.coles.com.au/productimages/3/3240543.jpg
Lindt Les Grandes Dark Chocolate & Hazelnut Block | 150g, $7.00, $4.67 per 100g, https://productimages.coles.com.au/productimages/3/3759260.jpg
Nescafe Blend 43 Instant Coffee | 50g, $6.50, $13.00 per 100g, https://productimages.coles.com.au/productimages/1/116220.jpg
Colgate Optic White Pro Series Vividly Fresh Teeth Whitening Toothpaste | 80g, $20.00, $25.00 per 100g, https://productimages.coles.com.au/productimages/5/5886688.jpg
Bosistos Waratah Flower Mint & Mandarin Body Wash | 1L, $16.00, $1.60 per 100mL, https://productimages.coles.com.au/productimages/5/5250639.jpg
Sanitarium Up And Go Vanilla Ice Cereal 3x250mL | 750mL, $5.20, $6.93 per 1L, https://productimages.coles.com.au/productimages/9/9526425.jpg
Palmolive Naturals Black Orchid Shower Gel | 500mL, $3.90, $0.78 per 100mL, https://productimages.coles.com.au/productimages/1/1879239.jpg
Coles Pregnancy Midstream Test | 3 pack, $10.00, $3.33 per 1ea, https://productimages.coles.com.au/productimages/3/3111427.jpg
Pantene Daily Moisture Renewal Shampoo | 90mL, $3.00, $3.33 per 100mL, https://productimages.coles.com.au/productimages/2/2834510.jpg
Uncle Tobys Plus Fibre Cereal | 775g, $7.00, $0.90 per 100g, https://productimages.coles.com.au/productimages/8/8930221.jpg
Nescafe 98% SF Mocha Coffee Sachets | 10 pack, $7.60, $0.76 per 1ea, https://productimages.coles.com.au/productimages/3/3984110.jpg
Chobani Greek Yogurt Limited Edition | 160g, $2.50, $1.56 per 100g, https://productimages.coles.com.au/productimages/5/5939412.jpg
Continental Alfredo Family Pasta And Sauce | 145g, $3.50, $2.41 per 100g, https://productimages.coles.com.au/productimages/4/4727383.jpg
Coles Foaming Handwash Lime & Mint | 1L, $3.50, $0.35 per 100mL, https://productimages.coles.com.au/productimages/5/5766303.jpg
Vaalia Kids Lactose Free Strawberry Yoghurt | 140g, $2.40, $1.71 per 100g, https://productimages.coles.com.au/productimages/1/1495259.jpg
Rexona Men's Antiperspirant Aerosol Deodorant Quantum | 250mL, $6.00, $2.40 per 100mL, https://productimages.coles.com.au/productimages/6/6554843.jpg
Continental Cup A Soup Mild Chicken Curry Wth Lots Of Noodles Serves 2 | 58g, $1.40, $2.41 per 100g, https://productimages.coles.com.au/productimages/7/7979236.jpg
Yoplait Zero Berry Harvest Yoghurt 6x160g | 960g, $6.00, $0.63 per 100g, https://productimages.coles.com.au/productimages/3/3619487.jpg
Poise Pads For Bladder Leaks Extra Plus | 20 pack, $11.80, $0.59 per 1ea, https://productimages.coles.com.au/productimages/3/3293528.jpg
Radox Feel Oxygenated Shower Gel Body Wash | 1L, $12.00, $1.20 per 100mL, https://productimages.coles.com.au/productimages/4/4569760.jpg
Cottons Organic Ultra Thin Pads Regular | 14 pack, $5.50, $0.39 per 1ea, https://productimages.coles.com.au/productimages/8/8098574.jpg
White Glo Professional Whitening Toothpaste | 205g, $9.00, $4.39 per 100g, https://productimages.coles.com.au/productimages/4/4847793.jpg
Philadelphia Portions Cream Cheese Light Spread | 150g, $4.00, $26.67 per 1kg, https://productimages.coles.com.au/productimages/5/5432057.jpg
Continental Sensation Garden Cauliflower & 4 Cheese Soup Serves 2 | 62g, $3.50, $5.65 per 100g, https://productimages.coles.com.au/productimages/3/3716199.jpg
Velvet Pure Soap | 4 pack, $4.90, $1.23 per 1ea, https://productimages.coles.com.au/productimages/1/1878145.jpg
Neutrogena Night Calm Make Up Remover Wipes | 25 pack, $8.50, $0.34 per 1ea, https://productimages.coles.com.au/productimages/9/9873495.jpg
Nescafe Skim Cappuccino Coffee Sachets | 10 pack, $7.60, $0.76 per 1ea, https://productimages.coles.com.au/productimages/4/4976854.jpg
Stayfree Ultra Thin Regular Pads With Wings | 14 pack, $6.00, $0.43 per 1ea, https://productimages.coles.com.au/productimages/5/5189287.jpg
Grants Of Australia Whitening Spearmint Toothpaste | 110g, $4.30, $3.91 per 100g, https://productimages.coles.com.au/productimages/4/4884406.jpg
Stayfree No Wings Regular Pads | 20 pack, $7.00, $0.35 per 1ea, https://productimages.coles.com.au/productimages/1/148588.jpg
Palmolive Naturals Ultra Moisture Milk & Shea Butter Shower Gel | 1L, $10.00, $1.00 per 100mL, https://productimages.coles.com.au/productimages/7/7556742.jpg
Hismile Toothpaste Mango Sorbet | 60g, $13.00, $21.67 per 100g, https://productimages.coles.com.au/productimages/5/5566610.jpg
Nestle Chocolate Mousse 2 pack | 124g, $2.40, $1.94 per 100g, https://productimages.coles.com.au/productimages/8/8477109.jpg
Golden Circle 100% Tropical Juice No Added Sugar Pineapple Fruit Juices | 2L, $3.50, $1.75 per 1L, https://productimages.coles.com.au/productimages/5/5487558.jpg
Coles Medistrips Waterproof Strips | 20 pack, $2.15, $0.11 per 1ea, https://productimages.coles.com.au/productimages/4/4240618.jpg
Nivea Creme Tin Moisturiser | 150mL, $9.50, $6.33 per 100mL, https://productimages.coles.com.au/productimages/2/2857934.jpg
Strepsil Herbal Immune Sore Throat Honey Lemon | 16 pack, $7.00, $0.44 per 1ea, https://productimages.coles.com.au/productimages/6/6134815.jpg
Burt's Bees Pomegranate Lip Balm | 4.25g, $5.38, $126.59 per 100g, https://productimages.coles.com.au/productimages/3/3271490.jpg
Coles Twin Blade Disposable Razor Women | 10 pack, $2.50, $0.25 per 1ea, https://productimages.coles.com.au/productimages/2/2646644.jpg
Coles Nourish Milk & Honey Body Wash | 1L, $4.00, $0.40 per 100mL, https://productimages.coles.com.au/productimages/3/3234438.jpg
Coles Aspirin Tablets 300mg | 24 pack, $0.95, $0.04 per 1ea, https://productimages.coles.com.au/productimages/6/6181724.jpg
Head & Shoulders Shampoo Apple Fresh | 660mL, $10.50, $1.59 per 100mL, https://productimages.coles.com.au/productimages/3/3980131.jpg
Nivea Watermelon Shine Lip Balm | 4.8g, $5.00, $104.17 per 100g, https://productimages.coles.com.au/productimages/4/4322494.jpg
Yumi's Dip Hommus Traditional | 1kg, $7.50, $0.75 per 100g, https://productimages.coles.com.au/productimages/7/7106189.jpg
Nivea Pomegranate Shine Lip Balm | 4.8g, $5.00, $104.17 per 100g, https://productimages.coles.com.au/productimages/5/5461350.jpg
Nivea Men Moisturising Shaving Gel + Aloe Vera | 200mL, $7.50, $3.75 per 100mL, https://productimages.coles.com.au/productimages/5/5209737.jpg
Bosisto's Banksia Flower & Lavender Hand Wash Refill | 1L, $10.00, $1.00 per 100mL, https://productimages.coles.com.au/productimages/3/3519471.jpg
Dove Beauty Bar Sensitive | 4 pack, $7.50, $1.88 per 1ea, https://productimages.coles.com.au/productimages/5/5259407.jpg
Sanitarium Up&Go Liquid Breakfast Fridge Pack Dairy Free Vanilla 12X250mL | 3L, $14.50, $4.83 per 1L, https://productimages.coles.com.au/productimages/4/4862505.jpg
Coles Adaptor Double Standard | 1 pack, $2.75, $2.75 per 1ea, https://productimages.coles.com.au/productimages/8/8700797.jpg
Difflam Plus Anaesthetic Berry Flavour Lozenges | 16 pack, $8.00, $0.50 per 1ea, https://productimages.coles.com.au/productimages/3/3176411.jpg
Cook & Dine Food Containers 950mL | 4 pack, $3.50, $0.88 per 1ea, https://productimages.coles.com.au/productimages/1/1948524.jpg
Ajax Spray N Wipe Bathroom Trigger | 500mL, $3.50, $0.70 per 100mL, https://productimages.coles.com.au/productimages/2/2478313.jpg
Cook & Dine Bamboo Skewers | 250 pack, $3.50, $0.01 per 1ea, https://productimages.coles.com.au/productimages/4/4462085.jpg
Morning Fresh Soft Hands Vanilla & Rose Dishwashing Liquid | 350mL, $5.50, $1.57 per 100mL, https://productimages.coles.com.au/productimages/3/3208697.jpg
Coles Ultra Oxi Bleach Tropical Toilet Gel | 700mL, $2.30, $0.33 per 100mL, https://productimages.coles.com.au/productimages/4/4444480.jpg
Coles Dinner Serviettes | 25 pack, $2.50, $0.10 per 1ea, https://productimages.coles.com.au/productimages/2/2361440.jpg
Ziploc XL Resealable Food Storage Sandwich Bags | 30 pack, $4.40, $0.15 per 1ea, https://productimages.coles.com.au/productimages/3/3975641.jpg
Dr Beckmann Carpet Brush Cleaner | 650mL, $9.50, $1.46 per 100mL, https://productimages.coles.com.au/productimages/2/2749170.jpg
Dishmatic Micro Soft Refill | 3 pack, $6.30, $2.10 per 1ea, https://productimages.coles.com.au/productimages/9/9830131.jpg
Glad Cling Wrap | 100m, $5.50, $0.06 per 1M, https://productimages.coles.com.au/productimages/8/8730539.jpg
U by Kotex Tampons Super | 32 pack, $8.00, $0.25 per 1ea, https://productimages.coles.com.au/productimages/6/6041838.jpg
Viva Eco Paper Towel | 3 pack, $7.50, $4.17 per 100ea, https://productimages.coles.com.au/productimages/4/4231800.jpg
Coles Disposable Gloves Aloe Vera Medium | 50 pack, $10.00, $0.20 per 1ea, https://productimages.coles.com.au/productimages/3/3473348.jpg
Three Aussie Farmers The Outback BBQ Beef & Pork Burgers | 500g, $8.00, $16.00 per 1kg, https://productimages.coles.com.au/productimages/5/5175249.jpg
Duracell Coppertop AA Batteries | 16 pack, $19.25, $1.20 per 1ea, https://productimages.coles.com.au/productimages/6/6806866.jpg
Duck Extra Power Toilet Shield Gel Toilet Cleaner Cool Fresh | 500mL, $6.00, $1.20 per 100mL, https://productimages.coles.com.au/productimages/5/5157305.jpg
Coles Medium Cotton Lined Gloves | 1 pair, $1.90, $1.90 per 1ea, https://productimages.coles.com.au/productimages/6/6005299.jpg
Coles Ultra Microfibre Cloths | 3 pack, $3.00, $1.00 per 1ea, https://productimages.coles.com.au/productimages/3/3828705.jpg
The Fishery Banana Prawn Meat | 200g, $12.00, $60.00 per 1kg, https://productimages.coles.com.au/productimages/5/5621210.jpg
Coles Made Easy Slow Cooked Pork Shoulder With Apple & BBQ Sauce | 480g, $10.00, $20.83 per 1kg, https://productimages.coles.com.au/productimages/2/2285375.jpg
K-Roo Kangaroo Herb and Garlic Marinated Steak | approx 520g, $13.00, $25.00 per 1kg, https://productimages.coles.com.au/productimages/8/8968155.jpg
Sard Wonder Eucalyptus Power Stain Remover | 1kg, $11.00, $11.00 per 1kg, https://productimages.coles.com.au/productimages/4/4826068.jpg
Sistema Plus Rectangle Containers 1 Litre | 3 pack, $8.55, $2.85 per 1ea, https://productimages.coles.com.au/productimages/3/3794181.jpg
Earth Choice Ultra Concentrate Front & Top Loader Laundry Liquid | 1L, $7.70, $7.70 per 1L, https://productimages.coles.com.au/productimages/1/1726668.jpg
Coles No Added Hormone Beef Short Rib Fingers | approx 930g, $21.86, $23.50 per 1kg, https://productimages.coles.com.au/productimages/4/4256695.jpg
Nurofen Quickzorb Ibuprofen Lysine 342mg Caplets | 24 pack, $8.00, $0.33 per 1ea, https://productimages.coles.com.au/productimages/3/3435509.jpg
Bref Blue Active Toilet Cleaner Eucalyptus | 50g, $7.00, $14.00 per 100g, https://productimages.coles.com.au/productimages/3/3032819.jpg
Bref Blue Active Eucalyptus | 3 pack, $8.50, $5.67 per 100g, https://productimages.coles.com.au/productimages/3/3476051.jpg
Norfolk Bay Wood Smoked Mussels Natural | 120g, $8.50, $70.83 per 1kg, https://productimages.coles.com.au/productimages/3/3951520.jpg
Nivea Black & White Clear Invisible Aerosol Antiperspirant Deodorant | 250mL, $8.50, $3.40 per 100mL, https://productimages.coles.com.au/productimages/1/1996403.jpg
Fluffy Concentrate Liquid Fabric Softener Conditioner Fragrance Temptations Spice Allure | 2L, $7.50, $3.75 per 1L, https://productimages.coles.com.au/productimages/3/3565424.jpg
Moira Mac's Turkey Breast Portion  | 500g, $11.00, $22.00 per 1kg, https://productimages.coles.com.au/productimages/2/2865240.jpg
Richmond Valley Veal Mince | 400g, $8.00, $20.00 per 1kg, https://productimages.coles.com.au/productimages/4/4750352.jpg
Cleaver's Beef Lasagne Organic & Free Range | 600g, $12.00, $20.00 per 1kg, https://productimages.coles.com.au/productimages/3/3489508.jpg
Coles Free Range Pork Loin Chops | approx 400g, $8.80, $22.00 per 1kg, https://productimages.coles.com.au/productimages/2/2741270.jpg
Coles Slow Cooked Pulled Beef | 250g, $8.30, $33.20 per 1kg, https://productimages.coles.com.au/productimages/3/3766437.jpg
Coles Lamb Leg Butterflied With Pomegranate And Rosemary | approx 1.2Kg, $28.80, $24.00 per 1kg, https://productimages.coles.com.au/productimages/3/3608899.jpg
Cuddly Sunshine Fresh Fabric Conditioner | 2L, $8.00, $4.00 per 1L, https://productimages.coles.com.au/productimages/9/9819220.jpg
Dr Beckmann Washing Machine Cleaner | 250mL, $5.80, $23.20 per 1L, https://productimages.coles.com.au/productimages/3/3790861.jpg
Nivea Men Everyday Active Aerosol Antiperspirant Deodorant | 250mL, $8.50, $3.40 per 100mL, https://productimages.coles.com.au/productimages/1/1184587.jpg
Coles Finest Lamb Mini Rump Roast | approx 418g, $14.63, $35.00 per 1kg, https://productimages.coles.com.au/productimages/5/5993575.jpg
Cook & Dine Wooden Wok Spatula | 1 each, $3.50, $3.50 per 1ea, https://productimages.coles.com.au/productimages/3/3112645.jpg
Inglewood Farms Organic Chicken Thigh Fillets Skin Off | approx 450g, $14.18, $31.50 per 1kg, https://productimages.coles.com.au/productimages/1/1331502.jpg
Coles Free Range Pork Fillet | approx 500g, $17.50, $35.00 per 1kg, https://productimages.coles.com.au/productimages/2/2741485.jpg
Fab Sublime Velvet Front & Top Loader Laundry Powder | 1.8kg, $8.00, $4.44 per 1kg, https://productimages.coles.com.au/productimages/2/2463371.jpg
Coles Made Easy Slow Cooked Pork & Beef Meatballs In Tomato Sauce | 800g, $11.00, $13.75 per 1kg, https://productimages.coles.com.au/productimages/3/3966210.jpg
Bref Blue Active Flower Blossom 2 Pack | 100g, $11.00, $11.00 per 100g, https://productimages.coles.com.au/productimages/3/3744671.jpg
Coles Made Easy Slow Cooked Pork Belly | approx 750g, $18.00, $24.00 per 1kg, https://productimages.coles.com.au/productimages/4/4288487.jpg
Norfolk Bay Wood Smoked Mussels Garlic | 120g, $8.50, $70.83 per 1kg, https://productimages.coles.com.au/productimages/4/4677536.jpg
Duck Extra Power Toilet Shield Ocean Burst | 500mL, $6.00, $1.20 per 100mL, https://productimages.coles.com.au/productimages/3/3742461.jpg
Kleenex Complete Clean Double Length Toilet Paper | 4 pack, $7.50, $0.52 per 100ea, https://productimages.coles.com.au/productimages/3/3517090.jpg
Pine O Cleen Lemon Lime Disinfectant | 1.25L, $8.00, $0.64 per 100mL, https://productimages.coles.com.au/productimages/7/7910251.jpg
Chux Non Scratch Scrubbing Sponge | 2 pack, $6.00, $3.00 per 1ea, https://productimages.coles.com.au/productimages/4/4398791.jpg
Coles Entertaining Mini Chicken Teriyaki Kebabs | 375g, currently unavailable, currently unavailable per each, https://productimages.coles.com.au/productimages/4/4501100.jpg
Coles Finest Lamb Scotch Fillet | approx 343g, $15.44, $45.00 per 1kg, https://productimages.coles.com.au/productimages/5/5993644.jpg
Sellotape Sticky Tape Refill 18mm x 25m | 2 pack, $3.95, $3.95 per each, https://productimages.coles.com.au/productimages/1/1842636.jpg
Coles Greaseproof Paper 30m | 1 each, $2.00, $2.00 per 1ea, https://productimages.coles.com.au/productimages/2/2469469.jpg
Primo Gourmet World Flavours South African Boerewors | 450g, $8.50, $18.89 per 1kg, https://productimages.coles.com.au/productimages/4/4469313.jpg
Coles Lamb Rump Roast | approx 500g, $16.25, $32.50 per 1kg, https://productimages.coles.com.au/productimages/3/3916234.jpg
Cleaver's Beef Rump Steak Free Range Organic                                                                                               | approx 300g, $10.50, $35.00 per 1kg, https://productimages.coles.com.au/productimages/7/7327869.jpg
Coles Lamb Shoulder Butterflied With Spiced Marinade | approx 800g, $19.20, $24.00 per 1kg, https://productimages.coles.com.au/productimages/3/3580745.jpg
Coles Made Easy Slow Cooked Pork Belly Slices In Tonkatsu Sauce | 400g, $12.00, $30.00 per 1kg, https://productimages.coles.com.au/productimages/3/3567623.jpg
Coles Pork Scotch Steaks With Hoisin | 300g, $7.00, $23.33 per 1kg, https://productimages.coles.com.au/productimages/5/5697561.jpg
Coles Graze Grassfed Blade Roast | approx 1.4kg, $25.20, $18.00 per 1kg, https://productimages.coles.com.au/productimages/5/5176591.jpg
Coles Tasmanian Salmon Portions Marinated With Garlic & Herb Crumb | 325g, $13.00, $40.00 per 1kg, https://productimages.coles.com.au/productimages/3/3777513.jpg
Samba Click Flame Gas Lighter | 1 each, $6.00, $6.00 per 1ea, https://productimages.coles.com.au/productimages/5/5594988.jpg
Coles Made Easy Slow Cooked Pork Riblets With Smokey BBQ Glaze | 760g, $14.00, $18.42 per 1kg, https://productimages.coles.com.au/productimages/3/3966436.jpg
Bertocchi Authentic Boneless Leg Ham         | approx 1Kg, $16.10, $23.00 per 1kg, https://productimages.coles.com.au/productimages/6/6105817.jpg
Coles Made Easy Slow Cooked Lamb Shoulder With Greek Inspired Sauce | 550g, $14.00, $25.45 per 1kg, https://productimages.coles.com.au/productimages/2/2904830.jpg
Omo Laundry Liquid Odour Eliminator | 2L, $14.50, $7.25 per 1L, https://productimages.coles.com.au/productimages/5/5091660.jpg
Coles Laundry Sanitiser | 1L, $4.50, $4.50 per 1L, https://productimages.coles.com.au/productimages/2/2914029.jpg
Coles Sunny Days Fabric Conditioner | 2L, $3.25, $1.63 per 1L, https://productimages.coles.com.au/productimages/2/2732054.jpg
Coles Pork Belly With Salt And Pepper | 350g, $10.00, $28.57 per 1kg, https://productimages.coles.com.au/productimages/5/5259688.jpg
Coles Entertaining Peking Duck Spring Rolls | 200g, currently unavailable, currently unavailable per each, https://productimages.coles.com.au/productimages/4/4478041.jpg
Cleaver's Beef Stir Fry Free Range Organic                                                                                                 | approx 500g, $17.75, $35.50 per 1kg, https://productimages.coles.com.au/productimages/7/7326786.jpg
Glen 20 Disinfectant Air Freshener Spray Country Scent | 300g, $6.20, $2.07 per 100g, https://productimages.coles.com.au/productimages/8/8086167.jpg
Softly Delicates Specialty Washing Liquid | 1.25L, $9.00, $7.20 per 1L, https://productimages.coles.com.au/productimages/2/255861.jpg
Fab Intense Fresh Laundry Powder | 1.8kg, $8.00, $4.44 per 1kg, https://productimages.coles.com.au/productimages/4/4357546.jpg
Coles Blended Vegetable Oil | 2L, $7.40, $0.37 per 100mL, https://productimages.coles.com.au/productimages/4/4574635.jpg
Windex Multi Surface & Glass Cleaner Trigger Spray | 750mL, $4.50, $0.60 per 100mL, https://productimages.coles.com.au/productimages/7/7438021.jpg
Coles Organic Beef Mince | 500g, $12.00, $24.00 per 1kg, https://productimages.coles.com.au/productimages/4/4465039.jpg
Coles Pork Kiev With Katsu Sauce | 440g, $9.00, $20.45 per 1kg, https://productimages.coles.com.au/productimages/4/4490524.jpg
Coles Pork Loin Chops With Sweet And Smokey Crumb | approx 500g, $12.50, $25.00 per 1kg, https://productimages.coles.com.au/productimages/3/3870439.jpg
Gumption Multi -Purpose Cleaner | 500g, $5.30, $1.06 per 100g, https://productimages.coles.com.au/productimages/1/159540.jpg
Glad Kitchen Tidy Bags Wavetop Color Large | 24 pack, $4.40, $0.18 per 1ea, https://productimages.coles.com.au/productimages/5/5538025.jpg
Coles Ultra Dish Liquid Brush Refills | 3 pack, $5.00, $1.67 per 1ea, https://productimages.coles.com.au/productimages/3/3828738.jpg
K-Roo Kangaroo Herb And Garlic Kebab | 360g, $10.50, $29.17 per 1kg, https://productimages.coles.com.au/productimages/3/3771980.jpg
Coles Organic Beef Stirfry | 500g, $15.00, $30.00 per 1kg, https://productimages.coles.com.au/productimages/5/5498441.jpg
Barilla Pasta Risoni  | 500g, $3.50, $0.70 per 100g, https://productimages.coles.com.au/productimages/9/9423808.jpg
K-Roo Kangaroo Steak | approx 520g, $11.44, $22.00 per 1kg, https://productimages.coles.com.au/productimages/9/9233507.jpg
Arnott's Family Pack Tim Tam Biscuits | 365g, $5.50, $1.51 per 100g, https://productimages.coles.com.au/productimages/6/6634760.jpg
Luv A Duck Fresh Duck Breast Fillets | 380g, $15.30, $40.26 per 1kg, https://productimages.coles.com.au/productimages/3/3349713.jpg
British Family Pack Thin Pork Sausages | 1kg, $12.00, $12.00 per 1kg, https://productimages.coles.com.au/productimages/5/5175817.jpg
Coles Free Range Pork Shoulder Roast Boneless | approx 1.8kg, $21.60, $12.00 per 1kg, https://productimages.coles.com.au/productimages/2/2741907.jpg
Tassal Hot Smoked Salmon Cracked Peppercorn | 150g, $10.50, $70.00 per 1kg, https://productimages.coles.com.au/productimages/3/3477360.jpg
Herb & Sons Chicken-Free Schnitzel | 300g, $8.00, $26.67 per 1kg, https://productimages.coles.com.au/productimages/3/3571063.jpg
Coles Made Easy Slow Cooked Boneless Pork Shank With Mexican Sauce | 800g, $10.00, $12.50 per 1kg, https://productimages.coles.com.au/productimages/3/3970070.jpg
Coles No Added Hormone Beef Steak Crumbed | 340g, $9.80, $28.82 per 1kg, https://productimages.coles.com.au/productimages/3/3292570.jpg
Coles Chopped Tomatoes Canned | 400g, $0.95, $2.38 per 1kg, https://productimages.coles.com.au/productimages/4/4218380.jpg
Lotus Biscoff Caramelised Biscuit 8 pack | 124g, $2.00, $1.61 per 100g, https://productimages.coles.com.au/productimages/1/1405700.jpg
Arnott's Choc Ripple Biscuits | 250g, $3.30, $1.32 per 100g, https://productimages.coles.com.au/productimages/3/329709.jpg
Coles Jasmine Rice | 2kg, $5.50, $0.28 per 100g, https://productimages.coles.com.au/productimages/9/9540299.jpg
Cobs Sea Salt Gluten Free Popcorn | 80g, $3.50, $4.38 per 100g, https://productimages.coles.com.au/productimages/6/6772593.jpg
Coles Durum Wheat Pasta Rigatoni | 500g, $1.00, $0.20 per 100g, https://productimages.coles.com.au/productimages/4/4515283.jpg
John West Tempters Tuna Onion & Tomato Savoury Sauce | 95g, $2.70, $28.42 per 1kg, https://productimages.coles.com.au/productimages/3/384718.jpg
Arnott's Vita-Weat Original Crispbread | 250g, $4.00, $1.60 per 100g, https://productimages.coles.com.au/productimages/1/117256.jpg
Zafarelli Spaghetti No 4 | 500g, $1.85, $0.37 per 100g, https://productimages.coles.com.au/productimages/2/278255.jpg
Coles Canola Oil Cooking Spray | 400g, $2.50, $0.63 per 100g, https://productimages.coles.com.au/productimages/9/9418761.jpg
Fantastic Snack Size Chicken Noodle Bowl | 85g, $1.95, $2.29 per 100g, https://productimages.coles.com.au/productimages/6/6992421.jpg
Leggo's Pizza Sauce Squeezy Tomato Paste | 400g, $4.50, $1.13 per 100g, https://productimages.coles.com.au/productimages/5/5699443.jpg
Ritz Snackz Tasty Cheddar Cheese Crackers  | 100g, $1.50, $1.50 per 100g, https://productimages.coles.com.au/productimages/1/1743215.jpg
Helgas Grains And Seeds Sourdough Bread | 750g, $4.90, $0.65 per 100g, https://productimages.coles.com.au/productimages/4/4474878.jpg
San Remo Trivelle Spirals No 17 | 500g, $2.95, $0.59 per 100g, https://productimages.coles.com.au/productimages/5/5596848.jpg
Lifesavers Bananas                                                                                                                          | 160g, $4.00, $2.50 per 100g, https://productimages.coles.com.au/productimages/5/5556581.jpg
Parle Premium Rusks | 200g, $1.80, $0.90 per 100g, https://productimages.coles.com.au/productimages/3/3322251.jpg
Oreo Creme Biscuits Chocolate | 133g, $2.50, $1.88 per 100g, https://productimages.coles.com.au/productimages/2/2710481.jpg
Kellogg's Just Right Breakfast Cereal With Whole Grains Apricot Pieces And Sultanas | 460g, $7.00, $1.52 per 100g, https://productimages.coles.com.au/productimages/8/8492678.jpg
Tip Top Original Thins Sandwich | 240g, $3.90, $1.63 per 100g, https://productimages.coles.com.au/productimages/2/2917050.jpg
Coles Gluten Free Wholemeal Loaf | 500g, $5.70, $1.14 per 100g, https://productimages.coles.com.au/productimages/4/4466938.jpg
MEB Wraps Zaatar | 300g, $5.40, $1.80 per 100g, https://productimages.coles.com.au/productimages/6/6201049.jpg
Tip Top White Hamburger Rolls | 6 pack, $4.00, $0.67 per 1ea, https://productimages.coles.com.au/productimages/7/7057276.jpg
Peckish Tangy BBQ Rice Crackers | 100g, $2.50, $2.50 per 100g, https://productimages.coles.com.au/productimages/1/1574173.jpg
Coles Belgian Chocolate Gateau | 800g, $18.00, $2.25 per 100g, https://productimages.coles.com.au/productimages/2/2108960.jpg
Mr Donut Chocolate Jam Ball Donuts | 2 pack, $3.70, $1.85 per 1ea, https://productimages.coles.com.au/productimages/6/6133506.jpg
Coles Flourless Orange Slice 2 Pack | 200g, $5.50, $2.75 per 100g, https://productimages.coles.com.au/productimages/3/3765285.jpg
Kewpie Mayonnaise 50% Reduced Fat | 300g, $4.30, $1.43 per 100g, https://productimages.coles.com.au/productimages/3/3736957.jpg
Whittakers Peanut Chocolate Slab | 50g, $2.00, $4.00 per 100g, https://productimages.coles.com.au/productimages/4/415935.jpg
Coles Mini Pikelets 24pack | 200g, $4.00, $2.00 per 100g, https://productimages.coles.com.au/productimages/5/5689698.jpg
Doritos Corn Chips Nacho Cheese Share Pack | 170g, $3.35, $1.97 per 100g, https://productimages.coles.com.au/productimages/2/2358344.jpg
Cadbury Marvellous Creations Jelly Popping Candy Beanies Chocolate Bar | 50g, $2.00, $4.00 per 100g, https://productimages.coles.com.au/productimages/9/9186065.jpg
Coles Hot Dog Rolls | 6 pack, $3.70, $0.62 per 1ea, https://productimages.coles.com.au/productimages/5/5696762.jpg
Wonder White Bread Wholegrain Smooth | 700g, $4.40, $0.63 per 100g, https://productimages.coles.com.au/productimages/2/2738243.jpg
Fantastic Delites Rice Snacks Sour Cream & Chive | 100g, $2.30, $2.30 per 100g, https://productimages.coles.com.au/productimages/6/6369014.jpg
Sunbites Grain Waves Sweet Chilli Chips | 170g, $4.80, $2.82 per 100g, https://productimages.coles.com.au/productimages/3/3706763.jpg
Toscano Gluten Free Pizza Base | 180g, $7.00, $3.89 per 100g, https://productimages.coles.com.au/productimages/2/2298297.jpg
Annalisa Chickpeas | 400g, $1.90, $4.75 per 1kg, https://productimages.coles.com.au/productimages/4/491467.jpg
Helgas Mini Loaf Mixed Grain | 415g, $3.90, $0.94 per 100g, https://productimages.coles.com.au/productimages/3/3860876.jpg
Lawson's Traditional Stone Mill Wholemeal Bread | 750g, $5.80, $0.77 per 100g, https://productimages.coles.com.au/productimages/3/3362926.jpg
Mars Chocolate Party Share Bag 20 Piece | 320g, $5.00, $1.56 per 100g, https://productimages.coles.com.au/productimages/4/4382532.jpg
Oreo Strawberry Crème Cookies | 133g, $2.50, $1.88 per 100g, https://productimages.coles.com.au/productimages/2/2710448.jpg
Kellogg's Special K Original Breakfast Cereal with Grain Based Protein | 300g, $7.00, $2.33 per 100g, https://productimages.coles.com.au/productimages/8/8491653.jpg
Coles Basmati Rice | 5kg, $18.00, $0.36 per 100g, https://productimages.coles.com.au/productimages/9/9540288.jpg
Nestle KitKat Milkybar White Chocolate Fun Pack | 154g, $3.85, $2.50 per 100g, https://productimages.coles.com.au/productimages/6/6339691.jpg
Extra Spearmint Sugar Free Chewing Gum | 27g, $1.99, $7.37 per 100g, https://productimages.coles.com.au/productimages/5/5703165.jpg
Alpine Wholemeal Lower Carb | 600g, $7.50, $1.25 per 100g, https://productimages.coles.com.au/productimages/4/4653980.jpg
Simson's Pantry Preservative Free Salt Reduced White Large Wraps 8 Pack | 528g, $5.00, $0.95 per 100g, https://productimages.coles.com.au/productimages/5/5202080.jpg
Coles Special Burger Sauce | 360g, $3.20, $0.89 per 100g, https://productimages.coles.com.au/productimages/3/3041398.jpg
Maltesers Milk Chocolate Snack Party Bag | 280g, $6.00, $2.14 per 100g, https://productimages.coles.com.au/productimages/3/3829592.jpg
Woofin Good Kangaroo Jerky Strips Dog Treat | 100g, $5.00, $5.00 per 100g, https://productimages.coles.com.au/productimages/3/3712813.jpg
Coles Dreams Crumb True Birthday Cake Cookies | 4 pack, $5.00, $1.25 per 1ea, https://productimages.coles.com.au/productimages/5/5486307.jpg
Lawson's Traditional Original White Bread | 750g, $5.80, $0.77 per 100g, https://productimages.coles.com.au/productimages/3/3362937.jpg
Arnott's Salada Wholemeal Crispbread | 250g, $3.00, $1.20 per 100g, https://productimages.coles.com.au/productimages/3/329844.jpg
Bow Wow Super Snacks Vita Shape Filled Biscuits Multigrain Bones Dog Treats | 500g, $6.00, $1.20 per 100g, https://productimages.coles.com.au/productimages/5/5488925.jpg
Woofin Good Dental Dog Treat Medium Large Dog | 4 pack, $4.50, $1.13 per 1ea, https://productimages.coles.com.au/productimages/3/3712766.jpg
Coles Tender Kangaroo Straps | 500g, $6.00, $1.20 per 100g, https://productimages.coles.com.au/productimages/1/1799490.jpg
Fancy Feast Adult Salmon & Oceanfish Cat Food | 450g, $7.00, $1.56 per 100g, https://productimages.coles.com.au/productimages/2/2740405.jpg
Prime Pantry Jerky Dog Treat Chicken | 100g, $6.80, $6.80 per 100g, https://productimages.coles.com.au/productimages/2/2688190.jpg
MEB Pita Family Wholemeal 5 pack | 225g, $2.30, $1.02 per 100g, https://productimages.coles.com.au/productimages/6/6202143.jpg
Coles Carrot Cupcakes 4 Pack | 288g, $6.00, $2.08 per 100g, https://productimages.coles.com.au/productimages/5/5019651.jpg
Arnott's Cracked Pepper Savoy Crackers | 225g, $3.50, $1.56 per 100g, https://productimages.coles.com.au/productimages/8/8638467.jpg
Mission Salt Reduced Wraps 8 pack | 567g, $5.50, $0.97 per 100g, https://productimages.coles.com.au/productimages/3/3639597.jpg
Coles Cupcakes Chocolate 4 Pack | 288g, $6.00, $2.08 per 100g, https://productimages.coles.com.au/productimages/3/3757028.jpg
Mr Donut Assorted Donuts | 4 pack, $6.00, $1.50 per 1ea, https://productimages.coles.com.au/productimages/9/9591289.jpg
Trill Honey Sticks for Budgies Variety Pack Bird Treat | 3 pack, $4.00, $3.81 per 100g, https://productimages.coles.com.au/productimages/4/4746978.jpg
Helgas Wholemeal Sourdough Bread | 750g, $4.90, $0.65 per 100g, https://productimages.coles.com.au/productimages/4/4474845.jpg
Trill Toppers Bird Treat | 112g, $5.00, $4.46 per 100g, https://productimages.coles.com.au/productimages/3/3769242.jpg
Coles Gold Party Candles | 16 pack, $3.00, $0.19 per 1ea, https://productimages.coles.com.au/productimages/3/3668959.jpg
Coles Banana Bread | 550g, $5.60, $1.02 per 100g, https://productimages.coles.com.au/productimages/9/9120090.jpg
Harmony No Waste Seed Mix | 1kg, $7.00, $0.70 per 100g, https://productimages.coles.com.au/productimages/2/2443614.jpg
Abbott's Bakery Sourdough Rye Bread | 760g, $4.60, $0.61 per 100g, https://productimages.coles.com.au/productimages/3/3764737.jpg
Mission Wraps Low Gi Wholemeal 6 Pack | 425g, $5.50, $1.29 per 100g, https://productimages.coles.com.au/productimages/3/3313760.jpg
Coles Toffee Pecan Roulade | 450g, $14.00, $3.11 per 100g, https://productimages.coles.com.au/productimages/3/3022247.jpg
Coles Lightly Fruited Sultana Cake | 800g, $5.60, $0.70 per 100g, https://productimages.coles.com.au/productimages/4/4991100.jpg
Fancy Feast Petit Cuisine Salmon Chicken Cat Food 6x50g | 6 pack, $5.00, $1.67 per 100g, https://productimages.coles.com.au/productimages/3/3864913.jpg
Simson's Pantry Low Carb Spinach And Herb 5 pack | 210g, $5.50, $2.62 per 100g, https://productimages.coles.com.au/productimages/4/4395487.jpg
Coles Pet Wipes | 40 pack, $6.50, $0.16 per 1ea, https://productimages.coles.com.au/productimages/3/3916223.jpg
Simson's Pantry Low Carb High Protein + Fibre 6 pack | 420g, $5.20, $1.24 per 100g, https://productimages.coles.com.au/productimages/4/4315091.jpg
Coles Dreams Crumb True  Chocolate- Caramel & Fudge Cookies | 4 pack, $5.00, $1.25 per 1ea, https://productimages.coles.com.au/productimages/5/5486318.jpg
Coles Bakery Stone Baked Light Rye Sub Roll | 2 pack, $4.00, $2.00 per 1ea, https://productimages.coles.com.au/productimages/5/5748389.jpg
Toscano Choco Chip Waffles 4 pack | 360g, $7.50, $2.08 per 100g, https://productimages.coles.com.au/productimages/8/8995067.jpg
Purr Singles Cat Food Tuna Selection 6x85g | 6 pack, $5.70, $1.12 per 100g, https://productimages.coles.com.au/productimages/7/7604889.jpg
Lux And Bones Kitty Kievs Cat Food Chicken & Tuna | 40g, $4.40, $11.00 per 100g, https://productimages.coles.com.au/productimages/5/5197547.jpg
Coles White Mud Cake | 600g, $6.40, $1.07 per 100g, https://productimages.coles.com.au/productimages/7/7570233.jpg
Smith's Salt And Vinegar Thinly Cut Potato Chips | 175g, $3.00, $1.71 per 100g, https://productimages.coles.com.au/productimages/5/5706254.jpg
Lux & Bones Eco Poo Bags XL | 60 pack, $6.75, $0.11 per 1ea, https://productimages.coles.com.au/productimages/4/4831931.jpg
Coles Mud Cake Decorated | 700g, $9.50, $1.36 per 100g, https://productimages.coles.com.au/productimages/3/3226746.jpg
Coles IM Free From White Wraps | 200g, $5.50, $2.75 per 100g, https://productimages.coles.com.au/productimages/1/1995386.jpg
Coles I'm Free From Blueberry Muffins | 2 pack, $3.70, $1.85 per 1ea, https://productimages.coles.com.au/productimages/3/3245037.jpg
Mission Lite Wrap 8 pack | 567g, $5.50, $0.97 per 100g, https://productimages.coles.com.au/productimages/8/8636359.jpg
Coles Adult Dry Dog Food With Beef | 3kg, $7.00, $0.23 per 100g, https://productimages.coles.com.au/productimages/5/5074412.jpg
Coles Chocolate Mud Cake Slices 5 pack | 500g, $6.50, $1.30 per 100g, https://productimages.coles.com.au/productimages/3/3003661.jpg
Schmackos Dog Treat BBQ Smokey Bacon Chips | 70g, $6.50, $9.29 per 100g, https://productimages.coles.com.au/productimages/5/5488890.jpg
Coles Chocolate Mini Cupcakes 9 pack | 216g, $6.00, $2.78 per 100g, https://productimages.coles.com.au/productimages/3/3757072.jpg
Coles Bakery Passionfruit Decorated Pavlova | 410g, $13.50, $3.29 per 100g, https://productimages.coles.com.au/productimages/3/3659700.jpg
Helga's Turkish Loaf | 450g, $4.00, $0.89 per 100g, https://productimages.coles.com.au/productimages/3/3871726.jpg
Our Dog Tea Tree Oil Shampoo | 1L, $5.10, $5.10 per 1L, https://productimages.coles.com.au/productimages/6/6105500.jpg
Coles 85% Lower Carb High Protein Loaf | 500g, $5.40, $1.08 per 100g, https://productimages.coles.com.au/productimages/4/4654155.jpg
Purr Cat Food Meaty Selection 85g | 6 pack, $5.70, $1.12 per 100g, https://productimages.coles.com.au/productimages/2/2888202.jpg
Fussy Cat Cat Food Pouch Mince & Jelly 12x80g | 12 pack, $13.50, $1.41 per 100g, https://productimages.coles.com.au/productimages/4/4505916.jpg
Coles Adult Dry Dog Food With Chicken | 3kg, $7.00, $0.23 per 100g, https://productimages.coles.com.au/productimages/5/5074434.jpg
My Dog Adult Wet Dog Food Classic Loaf With Gourmet Beef 6x100G Trays | 6 pack, $7.00, $1.17 per 100g, https://productimages.coles.com.au/productimages/6/6387162.jpg
Connoisseur Ice Cream Blood Orange Choc 4 Pack | 400mL, $9.50, $2.38 per 100mL, https://productimages.coles.com.au/productimages/5/5019312.jpg
FroPro Protein Chilli Con Carne Burrito | 245g, $8.00, $3.27 per 100g, https://productimages.coles.com.au/productimages/5/5643904.jpg
Greenies Original Dog Treat Petite | 170g, $14.00, $8.24 per 100g, https://productimages.coles.com.au/productimages/3/3868095.jpg
Fussy Cat Grain Free Twice as Tasty Adult Wet Cat Food Pate & Pieces 12x80gm | 12 pack, $13.50, $1.41 per 100g, https://productimages.coles.com.au/productimages/4/4201966.jpg
Macro Meats Pets Mince | 2kg, $12.00, $0.60 per 100g, https://productimages.coles.com.au/productimages/9/9526640.jpg
Pedigree Dry Dog Food Beef & Vegetables | 3kg, $14.00, $0.47 per 100g, https://productimages.coles.com.au/productimages/7/7978368.jpg
Pampas Frozen Shortcrust Pastry Sheets 5 pack | 1kg, $5.20, $0.52 per 100g, https://productimages.coles.com.au/productimages/4/4972387.jpg
Temptations Cat Treat Hearty Beef | 350g, $14.00, $4.00 per 100g, https://productimages.coles.com.au/productimages/5/5189323.jpg
Coles Adult Dry Cat Food With Chicken & Salmon | 4kg, $16.00, $0.40 per 100g, https://productimages.coles.com.au/productimages/5/5095580.jpg
Fropro Protein Italian Salami Pizza | 325g, $12.00, $3.69 per 100g, https://productimages.coles.com.au/productimages/5/5991558.jpg
Coles Irrisistible Rum & Raisin Ice Cream Tub | 1L, $6.50, $0.65 per 100mL, https://productimages.coles.com.au/productimages/8/8554130.jpg
Annabel Karmel Butter Chicken | 200g, $3.90, $1.95 per 100g, https://productimages.coles.com.au/productimages/2/2821915.jpg
Gourmet Delight Multipack Favourites Cat Food 12x80g | 12 pack, $10.00, $1.04 per 100g, https://productimages.coles.com.au/productimages/5/5194050.jpg
Supercoat Senior With Fish Dry Dog Food | 2.6kg, $14.40, $0.55 per 100g, https://productimages.coles.com.au/productimages/5/5486760.jpg
Purina Felix As Good As It Looks Meat Menu Cat Food | 12 pack, $14.50, $1.42 per 100g, https://productimages.coles.com.au/productimages/1/1719607.jpg
Whiskas Favourites Beef In Gravy Cat Food 12x85g | 12 pack, $12.00, $1.18 per 100g, https://productimages.coles.com.au/productimages/5/5172590.jpg
Four N Twenty Angus Beef & Pepper Pies | 700g, $8.80, $1.26 per 100g, https://productimages.coles.com.au/productimages/4/4227347.jpg
Whiskas Favourites 7+ Years Mixed In Jelly Cat Food 12x85g | 12 pack, $12.00, $1.18 per 100g, https://productimages.coles.com.au/productimages/5/5172580.jpg
Ashoka Tandoori Naan Plain | 340g, $4.50, $1.32 per 100g, https://productimages.coles.com.au/productimages/3/3783651.jpg
Birds Eye Frozen Fish Fillets With Original Lightly Battered Oven Bake 6 Pack | 425g, $10.50, $24.71 per 1kg, https://productimages.coles.com.au/productimages/8/84430.jpg
Nood Dry Dog Food Cage Free Chicken Recipe With Superfoods | 1.5kg, $16.50, $1.10 per 100g, https://productimages.coles.com.au/productimages/3/3713770.jpg
Prime 100 Australian Snapper & Vegetables Dog Roll Dog Food | 1.7kg, $11.60, $0.68 per 100g, https://productimages.coles.com.au/productimages/4/4307093.jpg
Temptation Frozen Premium Tasty Cheese & Bacon Quiches 2 pack | 280g, $5.00, $1.79 per 100g, https://productimages.coles.com.au/productimages/3/3014318.jpg
Farmers Market Adult Dry Dog Food Chicken With Farm Vegetables | 2.7 kg, $21.00, $0.78 per 100g, https://productimages.coles.com.au/productimages/2/2821733.jpg
Birds Eye Frozen Fish Fillets With Lemon Crumb Oven Bake 6 pack | 425g, $10.50, $24.71 per 1kg, https://productimages.coles.com.au/productimages/8/80804.jpg
My Dog Classic Loaf With Juicy Lamb 6X100G Wet Dog Food | 6 pack, $7.00, $1.17 per 100g, https://productimages.coles.com.au/productimages/6/6387184.jpg
Peters Gluten Free Original Neapolitan Multi Flavoured Ice Cream Tub | 4L, $8.70, $0.22 per 100mL, https://productimages.coles.com.au/productimages/5/5901340.jpg
Streets Blue Ribbon Duos Caramel Hokey Pokey | 2L, $10.00, $0.50 per 100mL, https://productimages.coles.com.au/productimages/5/5482893.jpg
Whiskas Favourites Mixed In Gravy Cat Food 12x85g | 12 pack, $12.00, $1.18 per 100g, https://productimages.coles.com.au/productimages/5/5172626.jpg
Amy's Kitchen Rozen Burrito Vegan Gluten Free Bean & Rice | 156g, $4.90, $3.14 per 100g, https://productimages.coles.com.au/productimages/3/3946949.jpg
Peters Original Ice Cream Twin Pole Vanilla Chocolate 8 Pack | 592mL, $3.75, $0.63 per 100mL, https://productimages.coles.com.au/productimages/4/4477377.jpg
Whiskas Adult Dry Cat Food With Chicken And Rabbit | 3kg, $21.50, $0.72 per 100g, https://productimages.coles.com.au/productimages/3/3871760.jpg
Harmony Wild Bird Mix Bird Seed | 4kg, $9.50, $0.24 per 100g, https://productimages.coles.com.au/productimages/9/9701886.jpg
Optimum Dog Food Lamb And Rice | 6 pack, $10.00, $1.67 per 100g, https://productimages.coles.com.au/productimages/3/3870982.jpg
Purina Felix As Good As It Looks Kitten Menu Cat Food 85g Pouch | 12 pack, $14.50, $1.42 per 100g, https://productimages.coles.com.au/productimages/2/2283450.jpg
Haagen Dazs Fruit Collection Ice Cream Mini Cups 4 Pack | 380mL, $10.00, $2.63 per 100mL, https://productimages.coles.com.au/productimages/3/3944058.jpg
Peters Gluten Free Frosty Fruits Watermelon Slice Ice Cream Stick 8 pack | 520mL, $8.00, $1.54 per 100mL, https://productimages.coles.com.au/productimages/3/3405734.jpg
Pacific West Frozen Asian Banquet  | 1kg, $9.00, $0.90 per 100g, https://productimages.coles.com.au/productimages/4/4675520.jpg
Whiskas Chicken & Turkey Adult Dry Cat Food | 1.8kg, $14.00, $0.78 per 100g, https://productimages.coles.com.au/productimages/3/3871840.jpg
Connoisseur Ice Cream Murray River Salted Caramel & Hazelnut | 1L, $12.00, $1.20 per 100mL, https://productimages.coles.com.au/productimages/1/1892135.jpg
Haagen-Dazs Salted Caramel Ice Cream Tubs | 457mL, $13.50, $2.95 per 100mL, https://productimages.coles.com.au/productimages/2/2752700.jpg
Peters Gluten Free Original Rainbow Ice Cream Tub | 2L, $5.50, $0.28 per 100mL, https://productimages.coles.com.au/productimages/2/2858165.jpg
Coles Kitchen Roasting Vegetables With Garlic And Rosemary | 500g, $5.50, $11.00 per 1kg, https://productimages.coles.com.au/productimages/3/3505819.jpg
Cadbury Dairy Milk Ice Cream Caramello 4 pack | 360mL, $9.50, $2.64 per 100mL, https://productimages.coles.com.au/productimages/5/5018615.jpg
Peters Life Savers Ice Cream 8 pack | 530mL, $8.00, $1.51 per 100mL, https://productimages.coles.com.au/productimages/7/7213575.jpg
Gourmet Garden Ginger Cold Blended Paste | 80g, $4.00, $0.50 per 10g, https://productimages.coles.com.au/productimages/3/3023206.jpg
Sara Lee Strawberries & Cream Ice Cream Tub | 1L, $8.50, $0.85 per 100mL, https://productimages.coles.com.au/productimages/1/1895406.jpg
Cadbury Caramilk Ice Cream 4 Pack | 360mL, $9.50, $2.64 per 100mL, https://productimages.coles.com.au/productimages/4/4233259.jpg
Mai Hong Frozen Spring Roll Pastry Sheets 20 pack | 250g, $3.30, $1.32 per 100g, https://productimages.coles.com.au/productimages/5/5978334.jpg
Golden Wok Frozen Chicken Mini Dim Sim | 660g, $7.20, $1.09 per 100g, https://productimages.coles.com.au/productimages/5/5077986.jpg
Herbert Adams Slow Cooked King Island Beef & Camembert | 400g, $9.00, $2.25 per 100g, https://productimages.coles.com.au/productimages/3/3473166.jpg
Peters Maxibon Ice Cream Thats Mint 4 Pack | 560mL, $9.50, $1.70 per 100mL, https://productimages.coles.com.au/productimages/6/6143769.jpg
Buono Mochi Ice Mango | 156g, $7.50, $4.81 per 100g, https://productimages.coles.com.au/productimages/3/3785759.jpg
Grandmas Golden Wok Gyozas Prawn | 800g, $9.90, $1.24 per 100g, https://productimages.coles.com.au/productimages/4/4406572.jpg
Coles Frozen Chocolate Lava Cake 2 pack | 180g, $4.20, $2.33 per 100g, https://productimages.coles.com.au/productimages/3/3919094.jpg
Herbert Adams Frozen Gourmet Chunky Sous Vide Beef In Rich Gravy Pies 2 pack | 400g, $9.00, $2.25 per 100g, https://productimages.coles.com.au/productimages/1/1888320.jpg
Coles Piqa Boo Pears | 750g, $4.50, $6.00 per 1kg, https://productimages.coles.com.au/productimages/3/3525816.jpg
Connoisseur Ice Cream Camarosa Strawberry | 1L, $12.00, $1.20 per 100mL, https://productimages.coles.com.au/productimages/3/3716508.jpg
Coles Jalapeno Cakes | 250g, $5.50, $2.20 per 100g, https://productimages.coles.com.au/productimages/3/3818472.jpg
Coles Cashew & Soy Crisps Mix | approx 100g, $2.50, $25.00 per 1kg, https://productimages.coles.com.au/productimages/1/1958018.jpg
Bulla Creamy Classic Ice Cream Sticks Vanilla 4 Pack | 360mL, $5.20, $1.44 per 100mL, https://productimages.coles.com.au/productimages/4/4483562.jpg
Connoisseur Ice Cream Vanilla Caramel Brownie 4 Pack | 400mL, $9.50, $2.38 per 100mL, https://productimages.coles.com.au/productimages/3/3948252.jpg
Coles Kitchen Burger Slaw Salad Kit | 350g, $5.50, $15.71 per 1kg, https://productimages.coles.com.au/productimages/3/3615602.jpg
McCain Beer Battered Potato Chips Frozen Chunky | 750g, currently unavailable, currently unavailable per each, https://productimages.coles.com.au/productimages/5/5070648.jpg
Cadbury Dairy Milk Ice Cream Vanilla | 460mL, $6.00, $1.30 per 100mL, https://productimages.coles.com.au/productimages/6/6143780.jpg
Coles Kitchen Superfood Leaf Mix | 150g, $3.00, $20.00 per 1kg, https://productimages.coles.com.au/productimages/6/6134000.jpg
Coles Parsnips Prepacked | 350g, $7.00, $20.00 per 1kg, https://productimages.coles.com.au/productimages/5/5108183.jpg
Haagen Dazs Caramel Biscuit & Cream Ice Cream Tub | 457mL, $13.50, $2.95 per 100mL, https://productimages.coles.com.au/productimages/5/5019458.jpg
Coles Kitchen Potato Salad | 800g, $7.00, $8.75 per 1kg, https://productimages.coles.com.au/productimages/1/1988904.jpg
Steggles Frozen Sweet Chilli Chicken Tenders | 1kg, $13.70, $13.70 per 1kg, https://productimages.coles.com.au/productimages/3/3088438.jpg
Connoisseur Ice Cream Vanilla Almond 4 Pack | 400mL, $9.50, $2.38 per 100mL, https://productimages.coles.com.au/productimages/5/5019389.jpg
Coles Kitchen Super Green Slaw | 300g, $4.00, $13.33 per 1kg, https://productimages.coles.com.au/productimages/6/6028636.jpg
Whiskas Sardine & Prawn Adult Dry Cat Food | 1.8kg, $14.00, $0.78 per 100g, https://productimages.coles.com.au/productimages/3/3871839.jpg
Woofin Good Chicken Tenders Dog Treat | 200g, $10.00, $5.00 per 100g, https://productimages.coles.com.au/productimages/3/3922918.jpg
Coles Organic Rocket | 100g, $4.90, $49.00 per 1kg, https://productimages.coles.com.au/productimages/2/2724828.jpg
Coles Kitchen Vegetable Soup Mix Kit | 450g, currently unavailable, currently unavailable per each, https://productimages.coles.com.au/productimages/2/2675405.jpg
Connoisseur Ice Cream Mini Cookies & Cream 6 Pack | 360mL, $9.50, $2.64 per 100mL, https://productimages.coles.com.au/productimages/3/3948285.jpg
Coles Kitchen Zucchini Noodles | 250g, $3.00, $12.00 per 1kg, https://productimages.coles.com.au/productimages/3/3164263.jpg
Applaws Cat Food Multipack Tuna Fillets 70g | 8 pack, $15.00, $2.68 per 100g, https://productimages.coles.com.au/productimages/4/4201886.jpg
Coles Organic Spring Onions | 1 each, $5.50, $5.50 per 1ea, https://productimages.coles.com.au/productimages/5/5011831.jpg
Coles Grapefruits Prepack | 3 pack, $3.50, $1.17 per 1ea, https://productimages.coles.com.au/productimages/4/4442984.jpg
Coles Kitchen Classics Mixed Leaf Garden Salad | 180g, $5.00, $27.78 per 1kg, https://productimages.coles.com.au/productimages/4/4876554.jpg
Coles Chestnuts Large | approx 200g, $2.18, $10.90 per 1kg, https://productimages.coles.com.au/productimages/4/410319.jpg
Coles Red Darling Brussels Sprouts | 400g, currently unavailable, currently unavailable per each, https://productimages.coles.com.au/productimages/3/3242662.jpg
Coles Bananas Red Tipped | approx 180g, $0.99, $5.50 per 1kg, https://productimages.coles.com.au/productimages/9/9174565.jpg
Gourmet Garden Garlic Cold Blended Paste | 80g, $4.00, $0.50 per 10g, https://productimages.coles.com.au/productimages/3/3022167.jpg
Coles Kitchen Family Stir Fry Mix | 400g, $3.50, $8.75 per 1kg, https://productimages.coles.com.au/productimages/6/6133889.jpg
Coles Supreme Roasted Salted Mixed Nuts | approx 100g, $3.10, $31.00 per 1kg, https://productimages.coles.com.au/productimages/8/8412250.jpg
Coles Organic Celery | 1 each, $6.80, $6.80 per 1ea, https://productimages.coles.com.au/productimages/4/4981708.jpg
Coles Dried Figs | approx 100g, $2.00, $20.00 per 1kg, https://productimages.coles.com.au/productimages/8/8412566.jpg
Coles Sweet Potato Cottage Pie | 375g, $4.00, $1.07 per 100g, https://productimages.coles.com.au/productimages/3/3230914.jpg
Lean Cuisine Chicken Cheese & Pasta | 375g, $5.60, $1.49 per 100g, https://productimages.coles.com.au/productimages/3/3866511.jpg
Gourmet Garden Lightly Dried Parsley Prepacked | 8g, $4.00, $5.00 per 10g, https://productimages.coles.com.au/productimages/2/2999327.jpg
Scoop & Weigh Tropical Fruit Mix | approx 100g, $3.00, $30.00 per 1kg, https://productimages.coles.com.au/productimages/3/3324814.jpg
Ashoka Tandoori Naan Garlic | 340g, $4.50, $1.32 per 100g, https://productimages.coles.com.au/productimages/3/3783662.jpg
Steggles Frozen Chicken Breast Goujons | 1kg, $13.70, $13.70 per 1kg, https://productimages.coles.com.au/productimages/8/8434332.jpg
Coles Organic White Mushroom | 180g, $6.30, $35.00 per 1kg, https://productimages.coles.com.au/productimages/3/3448293.jpg
Coles Organic Avocados | 1 each, $4.00, $4.00 per 1ea, https://productimages.coles.com.au/productimages/5/5055611.jpg
Coles Kitchen Chicken Style Soup Mix Kit | 450g, $6.00, $13.33 per 1kg, https://productimages.coles.com.au/productimages/5/5040126.jpg
Coles Organic Pears | 1kg, $5.50, $5.50 per 1kg, https://productimages.coles.com.au/productimages/5/5162214.jpg
Coles Kitchen Veggie Pasta Salad | 220g, $3.50, $15.91 per 1kg, https://productimages.coles.com.au/productimages/5/5516907.jpg
Coles Organic Green Beans Prepacked | 250g, $6.00, $24.00 per 1kg, https://productimages.coles.com.au/productimages/9/9861850.jpg
Gourmet Garden Lemongrass Cold Blended Paste | 80g, $4.00, $0.50 per 10g, https://productimages.coles.com.au/productimages/3/3023272.jpg
Coles Kitchen Thai Style Salad Kit | 315g, $5.50, $17.46 per 1kg, https://productimages.coles.com.au/productimages/5/5528586.jpg
Coles Watermelon Seedless Whole | approx 8kg, $23.20, $2.90 per 1kg, https://productimages.coles.com.au/productimages/4/4205264.jpg
Coles Kitchen Sweet Potato Superfood Salad Bowl | 180g, $6.50, $36.11 per 1kg, https://productimages.coles.com.au/productimages/6/6133460.jpg
Coles Black Sesame Crackers | approx 100g, $2.50, $25.00 per 1kg, https://productimages.coles.com.au/productimages/3/3917055.jpg
Coles Kitchen Coleslaw Salad | 800g, $7.00, $8.75 per 1kg, https://productimages.coles.com.au/productimages/1/1991851.jpg
Sprite Lemon Plus Soft Drink Bottle | 1.25L, $1.70, $1.36 per 1L, https://productimages.coles.com.au/productimages/5/5482849.jpg
Coles Strawberry Dream | approx 100g, $2.50, $25.00 per 1kg, https://productimages.coles.com.au/productimages/3/3769901.jpg
Schweppes Tonic Zero Sugar Mixers 4X300Ml | 4 pack, $4.50, $3.75 per 1L, https://productimages.coles.com.au/productimages/7/7364661.jpg
Lipton Raspberry Ice Tea | 1.5L, $4.90, $3.27 per 1L, https://productimages.coles.com.au/productimages/7/7386664.jpg
Cadbury Neapolitan Drinking Chocolate | 250g, $4.50, $1.80 per 100g, https://productimages.coles.com.au/productimages/4/4204487.jpg
Coles Sliced Mushrooms Medley | 250g, $7.90, $31.60 per 1kg, https://productimages.coles.com.au/productimages/3/3189774.jpg
Maximus Red Sports Drink | 1L, $2.50, $2.50 per 1L, https://productimages.coles.com.au/productimages/9/9880708.jpg
Coles Kitchen Broccoslaw | 300g, $4.00, $13.33 per 1kg, https://productimages.coles.com.au/productimages/5/5861348.jpg
Red Bull Sugar Free Energy Drink 4X250mL | 4 pack, $7.90, $7.90 per 1L, https://productimages.coles.com.au/productimages/9/9615900.jpg
Coles Organic Cabbage Whole | 1 each, $7.00, $7.00 per 1ea, https://productimages.coles.com.au/productimages/7/7233448.jpg
Coles Mediterranean Style Salad Bowl | 185g, $6.50, $35.14 per 1kg, https://productimages.coles.com.au/productimages/3/3294768.jpg
Coles Kitchen Classic Slaw Salad Family Kit | 300g, $4.50, $15.00 per 1kg, https://productimages.coles.com.au/productimages/5/5476697.jpg
Coca-Cola Diet Coke Soft Drink Bottle | 2L, $3.50, $1.75 per 1L, https://productimages.coles.com.au/productimages/4/418503.jpg
Coles Organic Ginger | 150g, $8.50, $56.67 per 1kg, https://productimages.coles.com.au/productimages/4/4982960.jpg
Hunt & Brew Cold Brew Coffee Brazil | 400mL, $4.95, $12.38 per 1L, https://productimages.coles.com.au/productimages/2/2918303.jpg
Pureharvest Organic Aussie Dream Rice Milk | 1L, $2.60, $2.60 per 1L, https://productimages.coles.com.au/productimages/5/5419194.jpg
Coles Organic Royal Gala Apples | 1kg, $7.50, $7.50 per 1kg, https://productimages.coles.com.au/productimages/4/4976130.jpg
Sanitarium So Good Long Life Unsweetened Almond & Coconut Milk | 1L, $2.90, $2.90 per 1L, https://productimages.coles.com.au/productimages/1/1987118.jpg
Robert Timms Mocha Kenya Style Coffee Bags 160g | 28 Pack, $13.50, $0.48 per 1ea, https://productimages.coles.com.au/productimages/5/5698633.jpg
Orchy Apple & Blackcurrant Juice Chilled | 375mL, $1.75, $4.67 per 1L, https://productimages.coles.com.au/productimages/7/7452645.jpg
V Energy Drink Blue 4x500mL | 4 pack, $9.25, $4.63 per 1L, https://productimages.coles.com.au/productimages/6/6325336.jpg
Bickford's Raspberry Cordial | 750mL, $4.50, $6.00 per 1L, https://productimages.coles.com.au/productimages/4/4420370.jpg
Fuze Mango Green Iced Tea Bottle | 500mL, $2.50, $5.00 per 1L, https://productimages.coles.com.au/productimages/3/3192531.jpg
Moccona Cafe Classics Vanilla Latte Sachets | 10 pack, $3.50, $0.35 per 1ea, https://productimages.coles.com.au/productimages/4/4405650.jpg
Daily Juice Orange Pre Probiotics | 1L, $4.80, $4.80 per 1L, https://productimages.coles.com.au/productimages/4/4465414.jpg
Coles Organic Brushed Potatoes Prepacked | 2kg, $11.00, $5.50 per 1kg, https://productimages.coles.com.au/productimages/5/5024866.jpg
Charlotte's Bakery Chunky Chicken & Leek Pie 2 Pack | 400g, $8.20, $2.05 per 100g, https://productimages.coles.com.au/productimages/5/5141950.jpg
Queen Victoria Tea Defend Blend Tea Bags | 18 pack, $4.50, $0.25 per 1ea, https://productimages.coles.com.au/productimages/4/4971792.jpg
Coles Dry Ginger Ale | 1.25L, $0.90, $0.72 per 1L, https://productimages.coles.com.au/productimages/5/5180340.jpg
Coles Kitchen Asian Chicken Salad Bowl | 200g, $6.50, $32.50 per 1kg, https://productimages.coles.com.au/productimages/4/4878163.jpg
Coles Diced Dates | 200g, $2.25, $1.13 per 100g, https://productimages.coles.com.au/productimages/5/5466026.jpg
Original Juice Co Fruit & Veg Goodness Green | 1L, $6.00, $6.00 per 1L, https://productimages.coles.com.au/productimages/4/4845594.jpg
Mingle Seasoning Holy Moly Guacamole | 50g, $4.00, $0.89 per 10g, https://productimages.coles.com.au/productimages/5/5105695.jpg
Kirks Soft Drink Ginger Beer | 1.25L, $2.35, $1.88 per 1L, https://productimages.coles.com.au/productimages/5/5399188.jpg
Coles Happy Birthday Acrylic Plaque Matt Black | 1 each, $4.50, $4.50 per 1ea, https://productimages.coles.com.au/productimages/3/3669022.jpg
Cocobella Watermelon & Mint Flavour Coconut Water | 1L, $5.50, $5.50 per 1L, https://productimages.coles.com.au/productimages/2/2586768.jpg
Coles Exotic Oyster Mushrooms | 150g, currently unavailable, currently unavailable per each, https://productimages.coles.com.au/productimages/5/5429358.jpg
Coles Unicorn Acrylic Plaque | 1 each, $4.50, $4.50 per 1ea, https://productimages.coles.com.au/productimages/4/4148660.jpg
La Ice Soft Drink Cola | 2L, $1.60, $0.80 per 1L, https://productimages.coles.com.au/productimages/2/2506339.jpg
Tussock Jumper Tempranillo 750mL | 1 Each, $10.00, $13.33 per 1L, https://productimages.coles.com.au/productimages/3/3161480.jpg
Bubly Sparkling Water Pineapple 8x375mL | 8 pack, $15.00, $5.00 per 1L, https://productimages.coles.com.au/productimages/6/6274520.jpg
Coles Silver Happy Birthday Acrylic Cake Plaque Small | 1 each, $2.70, $2.70 per 1ea, https://productimages.coles.com.au/productimages/4/4148932.jpg
Pureau Pure Water 600mL | 6 pack, $4.30, $1.19 per 1L, https://productimages.coles.com.au/productimages/8/8539046.jpg
Fiji Water 1.5L | 1.5L, $3.80, $2.53 per 1L, https://productimages.coles.com.au/productimages/5/5710783.jpg
Pauls Bluey Chocolate Flavoured Milk | 250mL, $2.25, $9.00 per 1L, https://productimages.coles.com.au/productimages/4/4165498.jpg
Nyal Cold & Flu Fighter Day & Night Tablets | 24 pack, $11.00, $0.46 per 1ea, https://productimages.coles.com.au/productimages/4/4968470.jpg
Pepsi Multipack Cans 375mL | 10 pack, $15.00, $4.00 per 1L, https://productimages.coles.com.au/productimages/2/2684213.jpg
Snackzilla Cracker BBQ Chickpea Multipack 5 Pack | 90g, $5.00, $5.56 per 100g, https://productimages.coles.com.au/productimages/5/5605010.jpg
Daily Juice No added Sugar Breakfast Juice | 500mL, $2.40, $4.80 per 1L, https://productimages.coles.com.au/productimages/8/8757058.jpg
Starbucks By Nespresso Dark Espresso Roast Capsules | 10 pack, $5.90, $0.59 per 1ea, https://productimages.coles.com.au/productimages/3/3613072.jpg
Brita Water Jug Filters Maxtra Plus | 6 pack, $60.00, $10.00 per 1ea, https://productimages.coles.com.au/productimages/3/3779632.jpg
Provedore Salami Crumb | 100g, $4.00, $40.00 per 1kg, https://productimages.coles.com.au/productimages/5/5646800.jpg
Devondale Semi Skim Long Life Milk | 2L, $3.90, $1.95 per 1L, https://productimages.coles.com.au/productimages/5/5230926.jpg
McKenzie's Lentil Soup Mix | 375g, $2.30, $0.61 per 100g, https://productimages.coles.com.au/productimages/3/3188669.jpg
Selaks Taste Collection Velvety Pinot Noir 750mL | 1 Each, $13.00, $17.33 per 1L, https://productimages.coles.com.au/productimages/3/3850216.jpg
Golden Circle Sarsaparilla Cordial | 2L, $3.90, $1.95 per 1L, https://productimages.coles.com.au/productimages/3/393275.jpg
Southern Comfort 700mL | 1 Each, $43.00, $61.43 per 1L, https://productimages.coles.com.au/productimages/8/8331919.jpg
Coles Glitter Hip Hip Hooray Acrylic Plaque Small | 1 each, $4.50, $4.50 per 1ea, https://productimages.coles.com.au/productimages/3/3974616.jpg
Coles Glitter Number Candle No 6 | 1 each, $1.40, $1.40 per 1ea, https://productimages.coles.com.au/productimages/3/3987560.jpg
Sanpellegrino Sparkling Mineral Water Bottle | 750mL, $3.10, $4.13 per 1L, https://productimages.coles.com.au/productimages/3/3342044.jpg
Cadbury Crunchie Chocolate Bars Twin Pack | 80g, $1.80, $2.25 per 100g, https://productimages.coles.com.au/productimages/5/5032456.jpg
Lipton Black Tea Bags | 25 pack, $2.20, $0.09 per 1ea, https://productimages.coles.com.au/productimages/1/116887.jpg
Solo Zero Sugar Lemon Soft Drink Can 10x375mL | 10 pack, $15.00, $4.00 per 1L, https://productimages.coles.com.au/productimages/3/3530827.jpg
Gatorade Tropical Fruit Sports Drink | 600mL, $2.30, $3.83 per 1L, https://productimages.coles.com.au/productimages/5/5468917.jpg
Monster Energy Drink Ultra Gold Multipack Cans 4x500mL | 4 pack, $8.30, $4.15 per 1L, https://productimages.coles.com.au/productimages/6/6013038.jpg
Australian Organic Chicken & Vegetable Soup | 330g, $3.90, $1.18 per 100g, https://productimages.coles.com.au/productimages/6/6126238.jpg
Starbucks Italian Roast Capsules | 10 pack, $5.90, $0.59 per 1ea, https://productimages.coles.com.au/productimages/3/3984041.jpg
Sakata Rice Crackers Caramelised Onion | 90g, $2.30, $2.30 per 100g, https://productimages.coles.com.au/productimages/5/5483320.jpg
Nexba Kombucha Mixed Berry 4x330mL | 4 pack, $8.75, $6.63 per 1L, https://productimages.coles.com.au/productimages/3/3529191.jpg
Hart & Soul Pouch Soup Curried Sweet Potato | 400g, $3.80, $0.95 per 100g, https://productimages.coles.com.au/productimages/4/4818730.jpg
Street Pizza Tropical Hawaiian | 365g, $7.50, $2.05 per 100g, https://productimages.coles.com.au/productimages/3/3857736.jpg
Coles Rainbow Scene Setter | 1 each, $3.15, $3.15 per 1ea, https://productimages.coles.com.au/productimages/4/4149254.jpg
Charlotte'S Bakery Slow Cooked Beef & Ale Potato Top Pies 2 Pack | 400g, $8.20, $2.05 per 100g, https://productimages.coles.com.au/productimages/5/5141779.jpg
Breathe Right Nasal Strips | 30 pack, $28.00, $0.93 per 1ea, https://productimages.coles.com.au/productimages/4/4969451.jpg
Coles Reusable Gel Hot/Cold Pack | 1 each, $7.00, $7.00 per 1ea, https://productimages.coles.com.au/productimages/3/3540128.jpg
Lachlan Ridge Pinot Grigio Cask 2 Litre | 1 Each, $8.00, $4.00 per 1L, https://productimages.coles.com.au/productimages/6/6955436.jpg
Wild Turkey & Cola Can 375mL | 10 Pack, $54.00, $54.00 per each, https://productimages.coles.com.au/productimages/7/7137740.jpg
Bumblebee Organic Shiraz 750mL | 1 Each, $13.00, $17.33 per 1L, https://productimages.coles.com.au/productimages/3/3657770.jpg
Sprite Zero Sugar Lemonade Soft Drink Multipack Cans 10 x 375mL | 10 pack, $8.75, $2.33 per 1L, https://productimages.coles.com.au/productimages/1/1849271.jpg
Dimetapp Botanicals Cough- Cold & Flu+Immune Soft Capsules | 30 pack, $13.00, $0.43 per 1ea, https://productimages.coles.com.au/productimages/6/6124120.jpg
Australian Organic 8 Vegetable Minestrone Soup | 330g, $3.90, $1.18 per 100g, https://productimages.coles.com.au/productimages/6/6126250.jpg
Coles Congrats Acrylic Plaque Gold & Silver | 1 each, $4.50, $4.50 per 1ea, https://productimages.coles.com.au/productimages/3/3669044.jpg
Cadbury Boost Chocolate Bars Twin Pack | 77g, $1.80, $2.34 per 100g, https://productimages.coles.com.au/productimages/4/4425158.jpg
The People's Sauvignon Blanc 750mL | 1 Each, $20.00, $2.67 per 100mL, https://productimages.coles.com.au/productimages/2/2037475.jpg
Coles Acrylic Plaque Gold & Silver Oh Baby | 1 each, $4.50, $4.50 per 1ea, https://productimages.coles.com.au/productimages/3/3668890.jpg
Schweppes Solo Lemon Flavoured Drink | 600mL, $3.80, $6.33 per 1L, https://productimages.coles.com.au/productimages/7/7144778.jpg
Otrivin Baby & Kids Saline Solution Nasal Spray | 15mL, $9.50, $63.34 per 100mL, https://productimages.coles.com.au/productimages/5/5381116.jpg
Street Pizza Sweet Chilli Chicken | 385g, $7.50, $1.95 per 100g, https://productimages.coles.com.au/productimages/3/3857758.jpg
Coles Juice Pineapple | 2L, $3.40, $1.70 per 1L, https://productimages.coles.com.au/productimages/4/4382849.jpg
Smirnoff Ice Double Black 6.5% Cans 330mL | 4 Pack, $25.00, $18.94 per 1L, https://productimages.coles.com.au/productimages/6/6412601.jpg
Moet & Chandon Brut Imperial NV Champagne 750mL | 1 Each, $82.00, $109.33 per 1L, https://productimages.coles.com.au/productimages/8/8229672.jpg
Zilzie Liv Lighter Sauvignon Blanc 750mL | 1 Each, $10.00, $13.33 per 1L, https://productimages.coles.com.au/productimages/3/3854738.jpg
Mercury Crushed Passionfruit Cidar Cans 375mL | 6 pack, $19.00, $0.84 per 100mL, https://productimages.coles.com.au/productimages/3/3872412.jpg
Grape and Vine Chardonnay 750mL | 1 Each, $10.00, $13.33 per 1L, https://productimages.coles.com.au/productimages/5/5556333.jpg
Pure Blonde Can 375mL | 24 Pack, $53.00, $5.89 per 1L, https://productimages.coles.com.au/productimages/6/6835263.jpg
White Claw Hard Seltzer Mango 330mL | 4 Pack, $19.00, $14.39 per 1L, https://productimages.coles.com.au/productimages/3/3915402.jpg
Coopers XPA Can 375mL | 6 Pack, $22.00, $0.98 per 100mL, https://productimages.coles.com.au/productimages/3/3640519.jpg
Singleton Malt Master's Selection Whisky 700mL | 1 Each, $62.00, $88.57 per 1L, https://productimages.coles.com.au/productimages/3/3466852.jpg
Tanqueray Gin 700mL | 1 Each, $50.00, $71.43 per 1L, https://productimages.coles.com.au/productimages/8/8328404.jpg
Dermal Therapy Little Bodies Eczema Relief Cream | 56g, $12.00, $21.43 per 100g, https://productimages.coles.com.au/productimages/4/4277367.jpg
The Stubborn Few Sauvignon Blanc Cask 2 Litre | 1 Each, $9.00, $0.45 per 100mL, https://productimages.coles.com.au/productimages/2/2797184.jpg
Jacob's Creek Pinot Noir 750mL | 1 Each, $10.00, $13.33 per 1L, https://productimages.coles.com.au/productimages/8/8302637.jpg
Winesmiths Premium Selection Sauvignon Blanc Cask 2 Litre | 1 Each, $16.00, $8.00 per 1L, https://productimages.coles.com.au/productimages/5/5240410.jpg
CUB Newborn Easy Fastening Bibs | 5 pack, $7.70, $1.54 per 1ea, https://productimages.coles.com.au/productimages/4/4267512.jpg
Milton Antibacterial Sterilizer Tablets | 30 pack, $8.49, $0.28 per 1ea, https://productimages.coles.com.au/productimages/3/395973.jpg
B.box Training Cups Assorted | 1 each, $9.20, $9.20 per 1ea, https://productimages.coles.com.au/productimages/3/3784224.jpg
Fireball Cinnamon Flavoured Whisky 200mL | 1 Each, $20.00, $100.00 per 1L, https://productimages.coles.com.au/productimages/3/3062161.jpg
White Claw Hard Seltzer Watermelon 330mL | 4 Pack, $19.00, $14.39 per 1L, https://productimages.coles.com.au/productimages/4/4501880.jpg
Euky Bear Baby Sniffly Nose Room Spray | 125g, $11.50, $9.20 per 100g, https://productimages.coles.com.au/productimages/5/5356957.jpg
Bunjie Baby Hide & Squeak Bubble Bath | 500mL, $11.20, $2.24 per 100mL, https://productimages.coles.com.au/productimages/5/5356629.jpg
Carlsberg Green Bottle 330mL | 6 pack, $18.50, $0.93 per 100mL, https://productimages.coles.com.au/productimages/3/35996.jpg
B.box Lunch Box | 1 each, $26.40, $26.40 per 1ea, https://productimages.coles.com.au/productimages/5/5118008.jpg
Smirnoff Ice Double Black Can 375mL | 10 Pack, $55.00, $14.67 per 1L, https://productimages.coles.com.au/productimages/5/5885903.jpg
Tangled Vine Shiraz 4L | 1 Each, $14.00, $3.50 per 1L, https://productimages.coles.com.au/productimages/4/4365806.jpg
Smithy's Premium Lager Bottle 330mL | 6 Pack, $15.00, $7.58 per 1L, https://productimages.coles.com.au/productimages/4/4310892.jpg
Tommee Tippee Tommee Tippee Fun Style Baby Dummy 2 Pack 6-18m | 2 pack, $8.40, $4.20 per 1ea, https://productimages.coles.com.au/productimages/1/1733834.jpg
James Busby Yarra Valley Pinot Noir 750mL | 1 Each, $18.00, $24.00 per 1L, https://productimages.coles.com.au/productimages/4/4206802.jpg
Bird In Hand Sparkling Pinot Noir 750mL | 1 Each, $29.00, $38.67 per 1L, https://productimages.coles.com.au/productimages/8/8262984.jpg
Amalfi Lager Bottle 330mL | 6 Pack, $13.00, $6.57 per 1L, https://productimages.coles.com.au/productimages/4/4163288.jpg
Medela Soft Silicone Soothers Assorted Colours 0-6months | 2 pack, $12.00, $6.00 per 1ea, https://productimages.coles.com.au/productimages/5/5339448.jpg
Vasse Felix Classic Dry White 750mL | 1 Each, $17.00, $22.67 per 1L, https://productimages.coles.com.au/productimages/8/8233079.jpg
Canadian Club Zero Sugar Dry 4.8% Cans 375mL | 10 Pack, $47.00, $12.53 per 1L, https://productimages.coles.com.au/productimages/3/3611703.jpg
Evans & Tate Cabernet Merlot 750mL | 1 Each, $12.00, $1.60 per 100mL, https://productimages.coles.com.au/productimages/1/1516406.jpg
The People's Pinot Gris 750mL | 1 Each, $20.00, $2.67 per 100mL, https://productimages.coles.com.au/productimages/2/2037464.jpg
Avent Fast Flow Teat 6+ Months | 2 pack, $11.95, $5.98 per 1ea, https://productimages.coles.com.au/productimages/4/4590733.jpg
Kiddylicious Veggie Straws | 4 pack, $7.80, $1.95 per 1ea, https://productimages.coles.com.au/productimages/5/5044670.jpg
Malarkey Munch Mitt Teething Mitten | 1 pack, $20.00, $20.00 per 1ea, https://productimages.coles.com.au/productimages/3/3839745.jpg
Bambino Mio Toilet Training Undies 2-3 years | 1 each, $11.60, $11.60 per 1ea, https://productimages.coles.com.au/productimages/3/3597340.jpg
Taylors Estate Pinot Noir 750mL | 1 Each, $23.00, $30.67 per 1L, https://productimages.coles.com.au/productimages/8/8234311.jpg
Kiddylicious Strawberry Frutiy Puffs | 4 pack, $7.80, $1.95 per 1ea, https://productimages.coles.com.au/productimages/5/5045979.jpg
Chobani Fit Passionfruit Yoghurt | 170g, $2.70, $1.59 per 100g, https://productimages.coles.com.au/productimages/3/3246732.jpg
Tommee Tippee Night Time  Baby Dummy 2 Pack 0-6m | 2 pack, $8.40, $4.20 per 1ea, https://productimages.coles.com.au/productimages/1/1734214.jpg
JIm Beam Black Double Serve 6.9% Can 375mL | 10 Pack, $60.00, $16.00 per 1L, https://productimages.coles.com.au/productimages/3/3994136.jpg
Infants Friend Oral Liquid | 100mL, $15.00, $15.00 per 100mL, https://productimages.coles.com.au/productimages/5/5254629.jpg
Tommee Tippee 1st Cutlery Set Fork Knife Spoon 12m+ | 1 pack, $10.20, $10.20 per 1ea, https://productimages.coles.com.au/productimages/4/4279963.jpg
Annie's Lane Shiraz 750mL | 1 Each, $14.00, $18.67 per 1L, https://productimages.coles.com.au/productimages/8/8238979.jpg
The Kraken Rum & Cola Bottle 330mL | 4 Pack, $23.00, $17.42 per 1L, https://productimages.coles.com.au/productimages/3/3863105.jpg
Makers Mark Kentucky Straight Bourbon Whisky 1L | 1 Each, $77.00, $77.00 per 1L, https://productimages.coles.com.au/productimages/3/3290519.jpg
Smirnoff Ice Red Bottles 300mL | 4 Pack, $25.00, $20.83 per 1L, https://productimages.coles.com.au/productimages/5/539494.jpg
Nuby Assorted Tritan Flip It With Weighted Straw 240mL | 1 each, $7.70, $7.70 per 1ea, https://productimages.coles.com.au/productimages/3/3511935.jpg
CUB Plastic Lined Terry Bibs | 5 pack, $8.75, $1.75 per 1ea, https://productimages.coles.com.au/productimages/4/4267487.jpg
B.box Mini Lunchbox Assorted | 1 pack, $20.80, $20.80 per 1ea, https://productimages.coles.com.au/productimages/5/5420524.jpg
Tommee Tippee Baby Sippee Trainer Cup 300ml 6m+ | 1 pack, $12.00, $12.00 per 1ea, https://productimages.coles.com.au/productimages/5/5329477.jpg
Huggies Thick Baby Wipes Coconut Oil | 1 pack, $18.00, $18.00 per 1ea, https://productimages.coles.com.au/productimages/3/3506899.jpg
Nuk Signature Soothers 0-6 Months | 2 pack, $13.50, $6.75 per 1ea, https://productimages.coles.com.au/productimages/4/4277141.jpg
Tommee Tippee Kalani Mini Silicone Baby Teether 3m+ | 1 pack, $10.20, $10.20 per 1ea, https://productimages.coles.com.au/productimages/4/4279883.jpg
B.box Spout Cup Assorted | 1 each, $10.80, $10.80 per 1ea, https://productimages.coles.com.au/productimages/3/3849239.jpg
Sunny Queen Free Range Large Eggs 12 pack | 600g, $6.80, $1.13 per 100g, https://productimages.coles.com.au/productimages/5/5417778.jpg
Vitasoy Unsweetened Almond Milk | 1L, $3.80, $3.80 per 1L, https://productimages.coles.com.au/productimages/2/2684381.jpg
Continental Liqueurs Triple Sec 500mL | 1 Each, $10.00, $20.00 per 1L, https://productimages.coles.com.au/productimages/8/8332671.jpg
Dermal Therapy Little Bodies Eczema Body Wash & Shampoo | 210mL, $10.40, $4.95 per 100mL, https://productimages.coles.com.au/productimages/4/4277390.jpg
Chobani Greek Yogurt Mango | 160g, $2.50, $1.56 per 100g, https://productimages.coles.com.au/productimages/5/5938690.jpg
B.box Insulated Drink Bottle 500mL | 1 each, $28.80, $28.80 per 1ea, https://productimages.coles.com.au/productimages/5/5118074.jpg
Farmhouse Gold Full Cream Milk  | 750mL, $3.20, $4.27 per 1L, https://productimages.coles.com.au/productimages/3/3187600.jpg
Tommee Tippee Freezer Weaning Pots 60ml 4 Pack 4m+ | 4 pack, $10.00, $2.50 per 1ea, https://productimages.coles.com.au/productimages/5/5382141.jpg
Pentative Multivitamin Infant Liquid 0-3 Months | 30mL, $12.50, $41.67 per 100mL, https://productimages.coles.com.au/productimages/5/5379668.jpg
Curash Gentle Head To Toe Wash | 400mL, $6.30, $1.58 per 100mL, https://productimages.coles.com.au/productimages/5/5241412.jpg
Vaalia Kids Tropical Yoghurt Pouch | 140g, $2.40, $1.71 per 100g, https://productimages.coles.com.au/productimages/7/7246870.jpg
Gaia Natural Baby Moisturiser | 500mL, $13.50, $2.70 per 100mL, https://productimages.coles.com.au/productimages/5/5239658.jpg
Mountain Goat Goat Lager Can 375mL | 6 Pack, $19.00, $8.44 per 1L, https://productimages.coles.com.au/productimages/3/3426122.jpg
Avent BPA Free Freeflow Soother 18+ Months | 2 pack, $14.95, $7.48 per 1ea, https://productimages.coles.com.au/productimages/2/2930932.jpg
Black Swan Dip Reduced Fat Tzatziki | 200g, $4.00, $2.00 per 100g, https://productimages.coles.com.au/productimages/6/6824063.jpg
Mighty Bellies Puffcorn BBQ Flavoured | 30g, $4.75, $15.83 per 100g, https://productimages.coles.com.au/productimages/5/5055940.jpg
Little By Base Collective Baby Balm | 100g, $14.00, $14.00 per 100g, https://productimages.coles.com.au/productimages/5/5254130.jpg
CUB Zip Coverall Yellow | 2 pack, $20.30, $10.15 per 1ea, https://productimages.coles.com.au/productimages/4/4267192.jpg
Dairylea Burger Cheese Slices | 250g, $5.00, $20.00 per 1kg, https://productimages.coles.com.au/productimages/2/2984261.jpg
Tommee Tippee Baby Fresh Food Feeder 4m+ | 1 pack, $8.00, $8.00 per 1ea, https://productimages.coles.com.au/productimages/2/2930149.jpg
Infacare Comfort Stage 1 Formula | 850g, $14.50, $1.71 per 100g, https://productimages.coles.com.au/productimages/5/5052850.jpg
Coles Gold Toddler Milk Drink Stage 3 | 900g, $15.00, $1.67 per 100g, https://productimages.coles.com.au/productimages/3/3704892.jpg
Bunjie Baby Born To Be Mild Top To Toe Wash | 500mL, $14.00, $2.80 per 100mL, https://productimages.coles.com.au/productimages/5/5356913.jpg
Coles Regular Cream Cheese Block | 250g, $3.30, $13.20 per 1kg, https://productimages.coles.com.au/productimages/2/2486672.jpg
Big M Double Chocolate Flavoured Milk | 750mL, $3.60, $4.80 per 1L, https://productimages.coles.com.au/productimages/3/3035431.jpg
Whole Kids Organic Smoothie Drops  Berry & Coconut Yoghurt 11M+ Reseal Bag | 20g, $6.20, $31.00 per 100g, https://productimages.coles.com.au/productimages/4/4160927.jpg
Squealing Pig Central Otago Pinot Noir 750mL | 1 Each, $24.00, $32.00 per 1L, https://productimages.coles.com.au/productimages/9/9948890.jpg
Wicked Sister High Protein Chocolate Pudding | 170g, $2.75, $1.62 per 100g, https://productimages.coles.com.au/productimages/4/4494048.jpg
Chobani No Sugar Added Yogurt Vanilla | 150g, $2.50, $1.67 per 100g, https://productimages.coles.com.au/productimages/5/5937600.jpg
Tommee Tippee Nappy Bin Twist & Click Refill 1 Pack | 1 pack, $17.00, $17.00 per 1ea, https://productimages.coles.com.au/productimages/3/3479038.jpg
Tommee Tippee Night Time  Baby Dummy 2 Pack 6-18m | 2 pack, $8.40, $4.20 per 1ea, https://productimages.coles.com.au/productimages/1/1734225.jpg
De Bortoli Blue Gris 750mL | 1 Each, $15.00, $20.00 per 1L, https://productimages.coles.com.au/productimages/4/4408192.jpg
Chobani Fit Banana Yoghurt Pouch | 140g, $2.70, $1.93 per 100g, https://productimages.coles.com.au/productimages/3/3721654.jpg
Karicare+ 1 Baby Infant Formula From Birth to 6 Months | 900g, $21.00, $2.33 per 100g, https://productimages.coles.com.au/productimages/1/1023260.jpg
Little By The Base Collective Sleep Spray | 125mL, $18.00, $14.40 per 100mL, https://productimages.coles.com.au/productimages/5/5253659.jpg
Biostime SN-2 Bio Plus HPO Infant Formula 0-6 Months | 800g, $29.60, $3.70 per 100g, https://productimages.coles.com.au/productimages/5/5112373.jpg
Infacol Wind Drops | 50mL, $18.50, $37.00 per 100mL, https://productimages.coles.com.au/productimages/3/3506902.jpg
YoGo Chocolate & M&M's Mini Dessert | 150g, $3.00, $2.00 per 100g, https://productimages.coles.com.au/productimages/8/8717348.jpg
Jim Beam White Zero Sugar Cola Cans 375mL  | 10 pack, $47.00, $1.25 per 100mL, https://productimages.coles.com.au/productimages/3/3878929.jpg
Biostime SN-2 Bio Plus HPO Follow-On Formula 6-12 Months | 800g, $29.60, $3.70 per 100g, https://productimages.coles.com.au/productimages/5/5112395.jpg
Tommee Tippee Baby Grooming & Healthcare Kit | 1 pack, $29.50, $29.50 per 1ea, https://productimages.coles.com.au/productimages/1/1174335.jpg
St Andrews Australian Tawny 750mL | 1 Each, $7.00, $7.00 per each, https://productimages.coles.com.au/productimages/2/2165759.jpg
Coles Mozzarella Pear | 500g, $7.80, $15.60 per 1kg, https://productimages.coles.com.au/productimages/2/2482161.jpg
Dairy Farmers Thick & Creamy Caramelised Fig Yoghurt | 600g, $4.50, $0.75 per 100g, https://productimages.coles.com.au/productimages/1/1870540.jpg
Listerine Total Care Antibacterial Mouthwash | 500mL, $10.00, $2.00 per 100mL, https://productimages.coles.com.au/productimages/6/6874072.jpg
Coles Cherry Bocconcini | 220g, $4.80, $21.82 per 1kg, https://productimages.coles.com.au/productimages/7/7781192.jpg
Gippsland Dairy Watermelon & Strawberry Twist Yoghurt | 160g, $3.00, $1.88 per 100g, https://productimages.coles.com.au/productimages/1/1436431.jpg
Coles Low Fat Creamed Cottage Cheese | 500g, $6.00, $12.00 per 1kg, https://productimages.coles.com.au/productimages/9/9488552.jpg
Danone The Ultimate Black Cherry Yoghurt 4x115g | 4 pack, $4.50, $0.98 per 100g, https://productimages.coles.com.au/productimages/3/3310183.jpg
Chobani Mango Greek Yogurt Pouch | 140g, $2.00, $1.43 per 100g, https://productimages.coles.com.au/productimages/4/4348975.jpg
Coles Kids Triangles Cheese | 140g, $2.60, $18.57 per 1kg, https://productimages.coles.com.au/productimages/3/3418361.jpg
Jalna Pouch Of Purity Organic Vanilla Yoghurt | 100g, $1.95, $1.95 per 100g, https://productimages.coles.com.au/productimages/3/3536572.jpg
Colgate 360 Degree Medium Toothbrush | 1 pack, $2.50, $2.50 per 1ea, https://productimages.coles.com.au/productimages/4/4155745.jpg
Wicked Sister Vanilla Bean Rice Pudding 2x170g | 340g, $4.40, $1.29 per 100g, https://productimages.coles.com.au/productimages/2/2367389.jpg
Danone Yopro Perform Yoghurt Key Lime | 175g, $3.70, $2.11 per 100g, https://productimages.coles.com.au/productimages/4/4934912.jpg
Big M Strawberry Flavoured Milk | 750mL, $3.60, $4.80 per 1L, https://productimages.coles.com.au/productimages/3/3035442.jpg
Devondale Regular Butter | 500g, $7.50, $1.50 per 100g, https://productimages.coles.com.au/productimages/5/5017500.jpg
Rexona Women Antiperspirant Aerosol Advanced Invisible Dry Pure Deodorant | 220mL, $8.50, $3.86 per 100mL, https://productimages.coles.com.au/productimages/3/3660822.jpg
Breaka Chupa Chupa Choco Vanilla Flavoured Milk | 600mL, $3.80, $6.33 per 1L, https://productimages.coles.com.au/productimages/6/6258160.jpg
Quick Eze Chewy Fast Acting Heartburn And Indigestion Tablets | 3 pack, $7.50, $2.50 per 1ea, https://productimages.coles.com.au/productimages/6/6988515.jpg
Coles Light Sour Cream | 500g, $4.20, $0.84 per 100g, https://productimages.coles.com.au/productimages/3/3676990.jpg
La Famiglia  Garlic Bread | 170g, $3.00, $1.76 per 100g, https://productimages.coles.com.au/productimages/2/2681882.jpg
Chobani Greek Yogurt Strawberry Banana | 160g, $2.50, $1.56 per 100g, https://productimages.coles.com.au/productimages/5/5938657.jpg
Chobani Greek Yogurt Raspberry | 160g, $2.50, $1.56 per 100g, https://productimages.coles.com.au/productimages/5/5938602.jpg
Carefree Original Unscented Panty Liners | 30 pack, $5.00, $0.17 per 1ea, https://productimages.coles.com.au/productimages/6/6932962.jpg
Libra Girl Regular Tampons | 16 pack, $3.00, $0.19 per 1ea, https://productimages.coles.com.au/productimages/3/3512064.jpg
Savlon Antiseptic Cream | 75g, $8.00, $10.67 per 100g, https://productimages.coles.com.au/productimages/1/197277.jpg
Colgate Kids 4-6 Years Strawberry Toothpaste | 80g, $3.20, $4.00 per 100g, https://productimages.coles.com.au/productimages/3/3680284.jpg
Nature's Way Kids Vita Gummie Omega | 120 pack, $15.00, $12.50 per 100ea, https://productimages.coles.com.au/productimages/3/3753129.jpg
Tru-Blue Garlic Butter Spread | 150g, $3.35, $2.23 per 100g, https://productimages.coles.com.au/productimages/6/6801964.jpg
Nivea Men Power Fresh Shower Gel & Body Wash | 500mL, $9.00, $1.80 per 100mL, https://productimages.coles.com.au/productimages/1/1749914.jpg
Coles Ibuprofen Soft Gel Capsules | 20 pack, $2.60, $0.13 per 1ea, https://productimages.coles.com.au/productimages/2/2843260.jpg
Palmolive Naturals Cherry Blossom Body Wash | 90mL, $2.20, $2.44 per 100mL, https://productimages.coles.com.au/productimages/3/3770707.jpg
Nature's Way Kids Smart Vita Gummies Vitamin C + Zinc | 120 pack, $15.00, $0.13 per 1ea, https://productimages.coles.com.au/productimages/3/3629072.jpg
Coles Toothbrush Toothpaste Case | 1 pack, $2.00, $2.00 per 1ea, https://productimages.coles.com.au/productimages/3/3593791.jpg
Herron Blue Ibuprofen Tabsules | 25 pack, $5.85, $0.23 per 1ea, https://productimages.coles.com.au/productimages/5/5786548.jpg
Coles Paw Paw Ointment | 25g, $2.55, $10.20 per 100g, https://productimages.coles.com.au/productimages/3/3839359.jpg
Black Swan Avocado Dip | 200g, $4.00, $2.00 per 100g, https://productimages.coles.com.au/productimages/5/5371939.jpg
Herbal Essences Classic Colour Shampoo | 400mL, $5.25, $1.31 per 100mL, https://productimages.coles.com.au/productimages/6/6138237.jpg
Rexona Women Antiperspirant Roll On Deodorant Classic | 50mL, $4.50, $9.00 per 100mL, https://productimages.coles.com.au/productimages/5/5079201.jpg
Swisspers Cotton Round Travel Make Up Pads | 20 pack, $1.50, $0.08 per 1ea, https://productimages.coles.com.au/productimages/6/6541127.jpg
Brut Original Roll On Deodorant | 1 each, $4.50, $9.00 per 100mL, https://productimages.coles.com.au/productimages/2/2277253.jpg
Dove Beauty Bar Regular | 6 pack, $8.80, $1.47 per 1ea, https://productimages.coles.com.au/productimages/5/5259451.jpg
Dare Butterscotch Flavoured Milk | 750mL, $3.80, $5.07 per 1L, https://productimages.coles.com.au/productimages/6/6583692.jpg
Tena Pads Mini Plus Length Incontinence Pad | 16 pack, $6.30, $0.39 per 1ea, https://productimages.coles.com.au/productimages/5/5062399.jpg
Mil Lel Shaved Parmesan | 170g, $6.90, $40.59 per 1kg, https://productimages.coles.com.au/productimages/3/3843232.jpg
Colgate Zig Zag Value Pack Soft Toothbrush | 6 pack, $10.00, $1.67 per 1ea, https://productimages.coles.com.au/productimages/2/2047479.jpg
Head & Shoulders Shampoo Itchy Scalp | 400mL, $7.50, $1.88 per 100mL, https://productimages.coles.com.au/productimages/3/3980110.jpg
Maybelline Lash Sensational Sky High Washable Mascara Blackest Black | 7.2mL, $26.00, $36.11 per 10mL, https://productimages.coles.com.au/productimages/3/3959190.jpg
Gippsland Dairy Blueberry Twist Yoghurt | 700g, $7.50, $1.07 per 100g, https://productimages.coles.com.au/productimages/6/6941577.jpg
Greens 40% Less Sugar Pancake Protein Shake | 325g, $4.50, $1.38 per 100g, https://productimages.coles.com.au/productimages/4/4959470.jpg
Dettol Instant Hand Sanitiser Pump | 500mL, $13.50, $2.70 per 100mL, https://productimages.coles.com.au/productimages/3/3849910.jpg
Coles Multi Angle Medium Toothbrush | 2 pack, $2.00, $1.00 per 1ea, https://productimages.coles.com.au/productimages/2/2606592.jpg
Herbal Essences Classic Normal Shampoo | 400mL, $5.25, $1.31 per 100mL, https://productimages.coles.com.au/productimages/6/6138474.jpg
Strepsils Extra Anaesthetic Sore Throat Pain Relief Lozenges Blackcurrant | 16 pack, $9.00, $0.56 per 1ea, https://productimages.coles.com.au/productimages/3/3157789.jpg
Coles Nasal Saline Solution | 30mL, $7.00, $23.33 per 100mL, https://productimages.coles.com.au/productimages/2/2845877.jpg
Nivea Men Active Clean Shower Gel & Body Wash + Active Charcoal | 500mL, $9.00, $1.80 per 100mL, https://productimages.coles.com.au/productimages/2/2497817.jpg
Dare Lactose Free Double Espresso Milk | 500mL, $3.80, $7.60 per 1L, https://productimages.coles.com.au/productimages/6/6264843.jpg
Health Basics Dermaplus Body Wash | 1L, $10.00, $1.00 per 100mL, https://productimages.coles.com.au/productimages/5/5103306.jpg
Quick-Eze Antacid Original Tablets | 5 pack, $9.00, $0.15 per 1ea, https://productimages.coles.com.au/productimages/3/310507.jpg
Nescafe Gold Intense Coffee | 200g, $15.00, $7.50 per 100g, https://productimages.coles.com.au/productimages/3/3208198.jpg
Palmolive Naturals Milk & Honey Shower Gel | 100mL, $2.20, $2.20 per 100mL, https://productimages.coles.com.au/productimages/6/6346325.jpg
Coles Liners Long | 26 pack, $1.95, $0.08 per 1ea, https://productimages.coles.com.au/productimages/3/3706560.jpg
Oral B 3D White Luxe Glamorous White | 95g, $9.50, $10.00 per 100g, https://productimages.coles.com.au/productimages/3/3130487.jpg
Continental Sensation Vine Ripened Tomato & Ricotta Soup Serves 2 | 54g, $3.50, $6.48 per 100g, https://productimages.coles.com.au/productimages/3/3716188.jpg
Uncle Tobys Fruity Bites Wildberry Flavour Cereal | 500g, $5.00, $1.00 per 100g, https://productimages.coles.com.au/productimages/5/5362610.jpg
Tampax Pearl Compak Regular Tampon With Applicator | 18 pack, $4.25, $0.24 per 1ea, https://productimages.coles.com.au/productimages/3/3301524.jpg
L'OR Espresso Lungo Profondo Intensity 8 Coffee Capsules 52g | 10 pack, $7.50, $0.75 per 1ea, https://productimages.coles.com.au/productimages/2/2951047.jpg
Nescafe Gold Smooth Mild Ground Coffee | 180g, $15.00, $8.33 per 100g, https://productimages.coles.com.au/productimages/3/3208201.jpg
Noshu 98% Sugar Free Buttermilk Pancake Mix | 240g, $4.80, $2.00 per 100g, https://productimages.coles.com.au/productimages/3/3997032.jpg
Oral B Sensitivity & Gum Extra Fresh Breath Toothpaste | 90g, $10.00, $11.11 per 100g, https://productimages.coles.com.au/productimages/3/3978333.jpg
Kettle Avocado Oil Crushed Sea Salt | 135g, $5.20, $3.85 per 100g, https://productimages.coles.com.au/productimages/5/5934532.jpg
Coles Kitchen Tear And Share Cheesy Garlic Bread | 350g, $4.80, $1.37 per 100g, https://productimages.coles.com.au/productimages/6/6009675.jpg
Nivea Body Lotion Aloe Vera | 400mL, $9.50, $2.38 per 100mL, https://productimages.coles.com.au/productimages/3/3727140.jpg
Pensilva Sangiovese 750mL | 1 Each, $20.00, $26.67 per 1L, https://productimages.coles.com.au/productimages/4/4318861.jpg
Smithy's Bitter Can 375mL | 24 Pack, $43.00, $4.78 per 1L, https://productimages.coles.com.au/productimages/4/4308100.jpg
Bref Blue Active In Bowl Eucalyptus Twin Pack | 100g, $11.00, $11.00 per each, https://productimages.coles.com.au/productimages/3/3744707.jpg
Sanitarium Up&Go Dairy Free Vanilla 3x250mL | 750mL, $5.20, $6.93 per 1L, https://productimages.coles.com.au/productimages/3/3898450.jpg
Coles Mint Fresh Mouthwash | 500mL, $2.20, $0.44 per 100mL, https://productimages.coles.com.au/productimages/5/5707712.jpg
Bulla Aussie Style Yoghurt Strawberry | 160g, $1.20, $0.75 per 100g, https://productimages.coles.com.au/productimages/5/5325410.jpg
Pitango Soup Smoky Tomato Lentil | 350g, $4.75, $1.36 per 100g, https://productimages.coles.com.au/productimages/6/6282426.jpg
Glenmorangie 10YO Single Malt Scotch Whisky 700mL | 1 Each, $80.00, $114.29 per 1L, https://productimages.coles.com.au/productimages/8/8329338.jpg
Oral B Complete 5 Way Clean Soft Toothbrush | 1 pack, $4.00, $4.00 per 1ea, https://productimages.coles.com.au/productimages/4/4866540.jpg
Red Tractor Wheat Free Rolled Oats | 600g, $6.80, $1.13 per 100g, https://productimages.coles.com.au/productimages/3/3897399.jpg
Gravox Traditional Salt Reduced Gravy Mix Tin | 120g, $5.00, $4.17 per 100g, https://productimages.coles.com.au/productimages/1/1418189.jpg
Nivea Men Protective Face Moisturiser Cream for Sensitive Skin + SPF15 | 75mL, $14.00, $18.67 per 100mL, https://productimages.coles.com.au/productimages/4/4496407.jpg
Coles Finest Beef Ragu Fettucine | 400g, $9.50, $2.38 per 100g, https://productimages.coles.com.au/productimages/3/3771540.jpg
Continental Sensation Mushroom Bacon Soup Serves 2 | 48g, $3.50, $7.29 per 100g, https://productimages.coles.com.au/productimages/3/3716155.jpg
Colgate Optic White ReneWal Vibrant Clean Teeth Whitening Toothpaste With 3% Hydrogen Peroxide | 85g, $15.00, $17.65 per 100g, https://productimages.coles.com.au/productimages/3/3693901.jpg
Golden Circle Pear Apple & Raspberry Juice No Added Sugar Fruit Juices | 2L, $3.50, $1.75 per 1L, https://productimages.coles.com.au/productimages/2/2531711.jpg
Lindt Classic Vegan Smooth Block Chocolate | 100g, $7.00, $7.00 per 100g, https://productimages.coles.com.au/productimages/5/5091692.jpg
Uncle Toby's Cheerios Low Sugar | 510g, $3.75, $0.74 per 100g, https://productimages.coles.com.au/productimages/5/5297585.jpg
Brut 72Hr Antiperspirant Deodorant Sea Spray | 130g, $8.50, $6.54 per 100g, https://productimages.coles.com.au/productimages/5/5305956.jpg
Maggi Fusian Noodle Cup Hot & Spicy | 65g, $1.80, $2.77 per 100g, https://productimages.coles.com.au/productimages/8/8097710.jpg
Maggi Noodle Cup Oriental Flavour | 60g, $1.80, $3.00 per 100g, https://productimages.coles.com.au/productimages/8/8109229.jpg
Perfect Italiano Grated Cheese Perfect Pizza | 250g, $5.00, $20.00 per 1kg, https://productimages.coles.com.au/productimages/3/3273994.jpg
Sanitarium Up&Go Liquid Breakfast Banana Fridge Pack 12X250mL | 3L, $14.50, $4.83 per 1L, https://productimages.coles.com.au/productimages/1/1491338.jpg
Gravox Supreme Roast Meat Gravy Mix  | 29g, $1.50, $0.52 per 10g, https://productimages.coles.com.au/productimages/5/5387316.jpg
Tena Xtra Long Incontinence Pads Night Maxi | 14 pack, $10.00, $0.71 per 1ea, https://productimages.coles.com.au/productimages/8/8491609.jpg
Maggi 2 Minute Noodles Beef Single Cup | 58g, $1.80, $3.10 per 100g, https://productimages.coles.com.au/productimages/8/8109273.jpg
Uncle Tobys Plus Muesli Flakes | 820g, $7.00, $0.85 per 100g, https://productimages.coles.com.au/productimages/8/8930367.jpg
Pitango Organic Soup Minestrone | 600g, $5.50, $0.92 per 100g, https://productimages.coles.com.au/productimages/4/4207419.jpg
Ultra Life Effervescent Immune Orange Tablets | 60 pack, $30.00, $0.50 per 1ea, https://productimages.coles.com.au/productimages/4/4968302.jpg
Nyal Cough Cold & Flu Tablets | 24 pack, $12.00, $0.50 per 1ea, https://productimages.coles.com.au/productimages/2/2864714.jpg
Coles Paper Dinner Plates | 20 pack, $1.50, $0.08 per 1ea, https://productimages.coles.com.au/productimages/1/1547294.jpg
Cook & Dine Food Containers Round 500mL | 5 pack, $3.50, $0.70 per 1ea, https://productimages.coles.com.au/productimages/1/1948648.jpg
Decor Microsafe Containers | 5 pack, $10.00, $2.00 per 1ea, https://productimages.coles.com.au/productimages/3/3996415.jpg
Swisse Ultiboost Zinc+ | 120 pack, $16.20, $13.50 per 100ea, https://productimages.coles.com.au/productimages/5/5809133.jpg
Coles Timber Forks | 20 pack, $2.50, $0.13 per 1ea, https://productimages.coles.com.au/productimages/3/3969707.jpg
T2 French Earl Grey Flavoured Black Tea Bags 25 pack | 50g, $16.00, $0.64 per 1ea, https://productimages.coles.com.au/productimages/3/3079200.jpg
Coles Ultra Multi-Purpose Cleaner Trigger Spray | 750mL, $2.00, $0.27 per 100mL, https://productimages.coles.com.au/productimages/2/2749658.jpg
Magazine Take 5 | 1 each, $4.20, $4.20 per 1ea, https://productimages.coles.com.au/productimages/7/7184557.jpg
Pyrex Measuring Jug 500mL | 1 each, $11.00, $11.00 per 1ea, https://productimages.coles.com.au/productimages/6/6065381.jpg
Radiant Whites Or Colours Laundry Liquid Washing Detergent | 2L, $20.00, $10.00 per 1L, https://productimages.coles.com.au/productimages/4/4144352.jpg
Multix Large Garbage Trolley Bin Liners Bags | 10 pack, $6.50, $0.65 per 1ea, https://productimages.coles.com.au/productimages/5/5100374.jpg
Decor Match Ups Containers 1.5L | 3 pack, $16.50, $5.50 per 1ea, https://productimages.coles.com.au/productimages/3/3971050.jpg
Dettol Healthy Clean Antibacterial Bathroom Cleaner Trigger Spray | 500mL, $5.00, $1.00 per 100mL, https://productimages.coles.com.au/productimages/2/2454440.jpg
Coles Firelighters | 24 pack, $3.60, $0.15 per 1ea, https://productimages.coles.com.au/productimages/5/5083763.jpg
Blackmores Bio C 500mg Vitamin C Chewables | 125 pack, $19.00, $0.15 per 1ea, https://productimages.coles.com.au/productimages/9/9688926.jpg
Cook & Dine Bamboo Skewers | 150 pack, $3.50, $0.02 per 1ea, https://productimages.coles.com.au/productimages/4/4462121.jpg
Bref Deluxe Active Gel Lovely Jasmine | 600mL, $7.00, $1.17 per 100mL, https://productimages.coles.com.au/productimages/5/5150747.jpg
Coles Air Freshener Cherry Blossom | 150g, $2.70, $1.80 per 100g, https://productimages.coles.com.au/productimages/2/2682488.jpg
Strepsils Extra Anaesthetic Sore Throat Pain Relief Lozenges Blackcurrant | 36 pack, $17.00, $0.47 per 1ea, https://productimages.coles.com.au/productimages/3/3734179.jpg
Ease A Cold Kids Cold And Flu Chewable Tablets | 24 pack, $10.50, $0.44 per 1ea, https://productimages.coles.com.au/productimages/5/5725485.jpg
Cook & Dine Dog & Cat Repeat Mug | 1 each, $5.70, $5.70 per 1ea, https://productimages.coles.com.au/productimages/3/3785078.jpg
Duro-tuss Relief Chesty Cough Liquid | 200mL, $13.20, $6.60 per 100mL, https://productimages.coles.com.au/productimages/4/4968390.jpg
Ajax Spray N Wipe Lemon Citrus 5 in 1 Multi Purpose Cleaner Refill Pack | 750mL, $4.00, $0.53 per 100mL, https://productimages.coles.com.au/productimages/5/5012437.jpg
Moon Dog Fizzer Seltzer 6% Can 330mL | 10 Pack, $39.00, $11.82 per 1L, https://productimages.coles.com.au/productimages/5/5501262.jpg
Multix Drawtight Garbage Bags 120cm x 80cm | 3 pack, $4.00, $1.33 per 1ea, https://productimages.coles.com.au/productimages/5/5073486.jpg
Bega Simply Nuts Smooth Peanut Butter | 325g, $4.60, $1.42 per 100g, https://productimages.coles.com.au/productimages/3/3447600.jpg
Sard Wonder Eucalyptus Soap Stain Remover | 125g, $4.00, $32.00 per 1kg, https://productimages.coles.com.au/productimages/5/5134183.jpg
Cook & Dine Loaf Tin 24cm | 1 pack, $8.00, $8.00 per 1ea, https://productimages.coles.com.au/productimages/3/3125534.jpg
Vicks 2 In1 Relief Cough Syrup | 200mL, $14.00, $7.00 per 100mL, https://productimages.coles.com.au/productimages/3/3734044.jpg
Jim Beam Zero Sugar Cola Cans 375mL | 24 Pack, $90.00, $10.00 per 1L, https://productimages.coles.com.au/productimages/7/7253525.jpg
Ziploc Medium Resealable Food Storage Freezer Bags | 19 pack, $4.40, $0.23 per 1ea, https://productimages.coles.com.au/productimages/3/3975594.jpg
Extra Peppermint Sugar Free Chewing Gum | 27g, $1.99, $7.37 per 100g, https://productimages.coles.com.au/productimages/5/5703176.jpg
Hanami Original Prawn Cracker | 100g, $3.00, $3.00 per 100g, https://productimages.coles.com.au/productimages/3/3737100.jpg
Pods Mars Chocolate Snack & Share Party Bag | 160g, $5.00, $3.13 per 100g, https://productimages.coles.com.au/productimages/5/5899760.jpg
Palmolive Dishwashing Liquid Ultra Australian Extracts Quandong Peach & Frangipani | 750mL, $7.50, $1.00 per 100mL, https://productimages.coles.com.au/productimages/6/6132988.jpg
Glade Gel Air Freshener Jasmine | 70g, $3.00, $4.29 per 100g, https://productimages.coles.com.au/productimages/3/3963733.jpg
Ambi Pur Air Effect Sweet Citrus & Zest | 275g, $7.50, $2.73 per 100g, https://productimages.coles.com.au/productimages/8/8162108.jpg
Glen 20 Summer Garden Disinfectant Spray | 300g, $6.20, $2.07 per 100g, https://productimages.coles.com.au/productimages/3/3314796.jpg
Codral Mucus Cough + Cold Oral Liquid Raspberry Flavour | 200mL, $11.00, $5.50 per 100mL, https://productimages.coles.com.au/productimages/9/9132871.jpg
Fluffy Refill Sachet Liquid Fabric Softener Conditioner Summer Breeze | 250mL, $2.50, $10.00 per 1L, https://productimages.coles.com.au/productimages/5/5429405.jpg
Smash Blue Stainless Steel Cutlery Set | 1 each, $11.00, $11.00 per 1ea, https://productimages.coles.com.au/productimages/4/4232074.jpg
Pitango Soup Tomato Basil | 600g, $5.50, $0.92 per 100g, https://productimages.coles.com.au/productimages/4/4207929.jpg
Coles Chocolate Cream Wafers | 125g, $0.80, $0.64 per 100g, https://productimages.coles.com.au/productimages/1/1389794.jpg
5 Seasons Inflatable Travel Foot Rest Pillow | 1 each, $24.99, $24.99 per 1ea, https://productimages.coles.com.au/productimages/6/6172450.jpg
Downy Fabric Enhancer Passion Liquid | 800mL, $13.00, $16.25 per 1L, https://productimages.coles.com.au/productimages/3/3311630.jpg
Swisse Ultiboost Immune Gummies | 60 pack, $13.25, $0.22 per 1ea, https://productimages.coles.com.au/productimages/4/4223787.jpg
My Eco Bag Compostable Garbage Bag Bin Liner 36L | 25 pack, $8.20, $0.33 per 1ea, https://productimages.coles.com.au/productimages/5/5554575.jpg
Dari's Asian Chicken Soup | 600g, $8.95, $1.49 per 100g, https://productimages.coles.com.au/productimages/6/6257622.jpg
Table of Plenty Sharepack Dark Chocolate Mini Rice Cakes | 60g, $4.00, $6.67 per 100g, https://productimages.coles.com.au/productimages/8/8215770.jpg
Cold Power Advanced Clean Sensitive Pure Clean Laundry Liquid | 2L, $10.50, $5.25 per 1L, https://productimages.coles.com.au/productimages/3/3774606.jpg
Cook & Dine Square Cake Tin 24cm | 1 each, $8.00, $8.00 per 1ea, https://productimages.coles.com.au/productimages/3/3128022.jpg
Dishmatic Eco Bristle Brush | 1 each, $3.75, $3.75 per 1ea, https://productimages.coles.com.au/productimages/5/5446030.jpg
Madura Premium Blend Tea Bags 100 pack | 200g, $10.00, $0.10 per 1ea, https://productimages.coles.com.au/productimages/6/6059243.jpg
Sard Wonder Ultra Whitening Stain Remover Soaker | 1kg, $11.00, $11.00 per 1kg, https://productimages.coles.com.au/productimages/1/1276823.jpg
Coles Paper Snack Plates | 20 pack, $1.50, $0.08 per 1ea, https://productimages.coles.com.au/productimages/1/1547261.jpg
Duro-tuss Relief Dry Cough Liquid | 200mL, $13.20, $6.60 per 100mL, https://productimages.coles.com.au/productimages/4/4968426.jpg
Ambi Pur Air Effects Lavender Vanilla & Comfort Air freshener | 275g, $7.50, $2.73 per 100g, https://productimages.coles.com.au/productimages/8/8161900.jpg
Nestle Whole Grain Energy & Fibre Milo Cereal Family Pack | 700g, $7.00, $1.00 per 100g, https://productimages.coles.com.au/productimages/9/9730410.jpg
T2 Melbourne Breakfast Flavoured Black Tea Bags 25 pack | 50g, $16.00, $0.64 per 1ea, https://productimages.coles.com.au/productimages/3/3079186.jpg
Real Foods Multigrain Corn Thins | 150g, $2.00, $1.33 per 100g, https://productimages.coles.com.au/productimages/8/8000070.jpg
Heinz Ketchup Tomato Sauce | 500mL, $3.50, $0.70 per 100mL, https://productimages.coles.com.au/productimages/5/5328995.jpg
Haribo Goldbears | 150g, $2.50, $1.67 per 100g, https://productimages.coles.com.au/productimages/2/2904626.jpg
Pitango Free Range Soup Chicken & Vegetable | 600g, $5.50, $0.92 per 100g, https://productimages.coles.com.au/productimages/4/4207463.jpg
Mayfair Rhubarb & Ginger Gin 700mL | 1 Each, $59.00, $84.29 per 1L, https://productimages.coles.com.au/productimages/4/4145548.jpg
Coles Cold & Flu Pain Relief + Pe Decongesrant Capsules | 20 pack, $10.00, $0.50 per 1ea, https://productimages.coles.com.au/productimages/2/2843339.jpg
Coles Australian Peanuts Unsalted | 375g, $3.00, $8.00 per 1kg, https://productimages.coles.com.au/productimages/2/2518746.jpg
Coles Cough Cold & Flu Day & Night Capsules | 24 pack, $10.00, $0.42 per 1ea, https://productimages.coles.com.au/productimages/3/3151046.jpg
Vegemite Gluten Free Spread | 235g, $5.20, $2.21 per 100g, https://productimages.coles.com.au/productimages/3/3447643.jpg
Cold Power Sensitive Pure Clean Laundry Powder | 2kg, $10.50, $5.25 per 1kg, https://productimages.coles.com.au/productimages/3/3774934.jpg
Red Rock Deli Potato Chips Crispy Chicken & Hot Sauce | 150g, $4.40, $2.93 per 100g, https://productimages.coles.com.au/productimages/5/5349180.jpg
Bic Mega Lighters | 2 pack, $14.50, $7.25 per 1ea, https://productimages.coles.com.au/productimages/3/3645013.jpg
Vicks First Defense Nasal Spray | 15mL, $15.00, $100.01 per 100mL, https://productimages.coles.com.au/productimages/4/4165330.jpg
Pitango Organic Soup Pumpkin & Ginger | 600g, $5.50, $0.92 per 100g, https://productimages.coles.com.au/productimages/4/4207190.jpg
Smash Leak Proof Snack Box | 1 each, $5.50, $5.50 per 1ea, https://productimages.coles.com.au/productimages/3/3649240.jpg
Cook & Dine Whisk | 1 each, $6.50, $6.50 per 1ea, https://productimages.coles.com.au/productimages/5/5019979.jpg
Coles Plant Based Kitchen Tidy Bags Small | 35 pack, $4.30, $0.12 per 1ea, https://productimages.coles.com.au/productimages/3/3920640.jpg
Radiant Odour Removal Laundry Liquid Washing Detergent | 1.8L, $10.00, $5.56 per 1L, https://productimages.coles.com.au/productimages/4/4317508.jpg
Arnott's Shapes Savoury Cracker Biscuits | 185g, $3.50, $1.89 per 100g, https://productimages.coles.com.au/productimages/8/8638300.jpg
Green's Gravy Granules for Roast Meat | 120g, $3.00, $0.25 per 10g, https://productimages.coles.com.au/productimages/7/7302777.jpg
Chux Non Scratch Mesh Scourer | 1 pack, $2.25, $2.25 per 1ea, https://productimages.coles.com.au/productimages/3/3838560.jpg
Allen's Lollies Killer Pythons | 192g, $4.00, $2.08 per 100g, https://productimages.coles.com.au/productimages/2/2090900.jpg
Smash Blue Stainless Steel Barista Cup | 350mL, $26.00, $7.43 per 100mL, https://productimages.coles.com.au/productimages/5/5119022.jpg
Coles Minced Garlic | 500g, $2.30, $0.05 per 10g, https://productimages.coles.com.au/productimages/3/3765423.jpg
Four Pillars Bloody Shiraz Gin 700mL | 1 Each, $78.00, $111.43 per 1L, https://productimages.coles.com.au/productimages/3/3022509.jpg
Coles Laundry Liquid Tropical Paradise Top & Front | 2L, $6.20, $3.10 per 1L, https://productimages.coles.com.au/productimages/2/2910232.jpg
Mcvitie's Digestives Tops Raspberry Biscuits | 100g, $2.00, $2.00 per 100g, https://productimages.coles.com.au/productimages/5/5604957.jpg
Coles Ultra Floor Cleaner | 750mL, $2.00, $0.27 per 100mL, https://productimages.coles.com.au/productimages/1/1955610.jpg
Cobs Multipack Best Ever Butter 5 Pack | 65g, $4.00, $6.15 per 100g, https://productimages.coles.com.au/productimages/4/4513415.jpg
Cadbury Cherry Ripe Double Dip Chocolate Bar | 47g, $2.00, $4.26 per 100g, https://productimages.coles.com.au/productimages/2/2427185.jpg
Arnott's Tiny Teddy Multipack Chocolate 8 Pack | 200g, $4.50, $2.25 per 100g, https://productimages.coles.com.au/productimages/2/2992102.jpg
Coles Chest Rub Ointment | 100g, $4.00, $4.00 per 100g, https://productimages.coles.com.au/productimages/5/51861.jpg
Earth Choice Antibacterial All Purpose Cleaner | 600mL, $2.80, $0.47 per 100mL, https://productimages.coles.com.au/productimages/4/4232609.jpg
Drano Kitchen Max Gel Drain Cleaner | 770mL, $16.70, $2.17 per 100mL, https://productimages.coles.com.au/productimages/4/4258624.jpg
MasterFoods Finely Crushed Garlic | 170g, $3.00, $0.18 per 10g, https://productimages.coles.com.au/productimages/6/6027101.jpg
Natural Chip Co. Honey Soy Chicken Potato Chips | 175g, $3.25, $1.86 per 100g, https://productimages.coles.com.au/productimages/1/1260335.jpg
Twinings English Breakfast Tea Bags 50 pack | 100g, $8.50, $0.17 per 1ea, https://productimages.coles.com.au/productimages/6/6818989.jpg
Sanitarium Weet-Bix Bites Crunchy Honey Cereal | 510g, $4.50, $0.88 per 100g, https://productimages.coles.com.au/productimages/9/9623884.jpg
Reese's Peanut Butter Cups Milk Chocolate 2 pack | 42g, $2.30, $5.48 per 100g, https://productimages.coles.com.au/productimages/2/2137550.jpg
Ritz Snackz Sour Cream and Onion Crackers | 100g, $1.50, $1.50 per 100g, https://productimages.coles.com.au/productimages/1/1743204.jpg
Coles Tuna Sandwich Olive Oil Blend | 95g, $1.10, $11.58 per 1kg, https://productimages.coles.com.au/productimages/8/8675361.jpg
Oreo Milk Chocolate Wafer Sticks | 128g, $2.00, $1.56 per 100g, https://productimages.coles.com.au/productimages/1/1020900.jpg
Table of Plenty Sharepack Milk Chocolate Mini Rice Cakes | 60g, $4.00, $6.67 per 100g, https://productimages.coles.com.au/productimages/8/8215780.jpg
Coles Arborio Rice | 1kg, $4.00, $0.40 per 100g, https://productimages.coles.com.au/productimages/8/8465788.jpg
Coles Bakery Light Fruit Cake | 800g, $6.50, $0.81 per 100g, https://productimages.coles.com.au/productimages/7/7864722.jpg
Coles Mini Dessert Selection | 20 pack, $20.00, $2.86 per 100g, https://productimages.coles.com.au/productimages/4/4506839.jpg
MEB Pita Family White 5 pack | 225g, $2.30, $1.02 per 100g, https://productimages.coles.com.au/productimages/6/6201876.jpg
Cadbury Dairy Milk Freddo Strawberry Chocolate Sharepack | 180g, $5.00, $2.78 per 100g, https://productimages.coles.com.au/productimages/3/3615034.jpg
Coles Date & Walnut Slices 5 Pack | 500g, $6.50, $1.30 per 100g, https://productimages.coles.com.au/productimages/5/5142534.jpg
Mr Donut Iced Chocolate Jam Donuts | 4 pack, $6.00, $1.50 per 1ea, https://productimages.coles.com.au/productimages/5/5441794.jpg
Lifesavers Fruit Pastilles Bag                                                                                                              | 180g, $4.00, $2.22 per 100g, https://productimages.coles.com.au/productimages/5/5319429.jpg
Coles Canola Oil | 750mL, $3.95, $0.53 per 100mL, https://productimages.coles.com.au/productimages/4/4616564.jpg
Coles I'M Free From Double Chocolate Muffins | 2 pack, $3.70, $1.85 per 1ea, https://productimages.coles.com.au/productimages/3/3245048.jpg
Coles Gluten Free Bagels 4 Pack | 240g, $5.20, $2.17 per 100g, https://productimages.coles.com.au/productimages/4/4319150.jpg
Coles Bakery Jam Sponge Roll | 400g, $3.50, $0.88 per 100g, https://productimages.coles.com.au/productimages/8/8782565.jpg
Vitality Spelt Wholemeal Chia | 580g, $7.00, $1.21 per 100g, https://productimages.coles.com.au/productimages/1/1358134.jpg
Coles Chocolate Celebration Cake | 1.2kg, $14.50, $1.21 per 100g, https://productimages.coles.com.au/productimages/3/3207581.jpg
Coles Desiccated Coconut | 500g, $2.80, $5.60 per 1kg, https://productimages.coles.com.au/productimages/8/8734482.jpg
Coles I'M Free From Focaccia | 250g, $5.20, $2.08 per 100g, https://productimages.coles.com.au/productimages/3/3824497.jpg
Mr Brownie Chocolate Brownie | 200g, $6.00, $3.00 per 100g, https://productimages.coles.com.au/productimages/6/6011393.jpg
Coles Passionfruit Cheesecake Bar | 520g, $12.00, $2.31 per 100g, https://productimages.coles.com.au/productimages/5/5529206.jpg
Nestle Milo Duo | 340g, $6.50, $1.91 per 100g, https://productimages.coles.com.au/productimages/6/6778840.jpg
Coles Mini Tart Selection 6 Pack | 210g, $9.50, $4.52 per 100g, https://productimages.coles.com.au/productimages/5/5148257.jpg
Jon-Jon Ginger Kisses Cream Filled Sponge Cake 8 pack | 200g, $4.90, $2.45 per 100g, https://productimages.coles.com.au/productimages/2/2603798.jpg
Herman Brot Complete Complete Protein Buns 2 pack | 120g, $3.00, $2.50 per 100g, https://productimages.coles.com.au/productimages/5/5749698.jpg
Peckish Sour Cream & Chives Rice Crackers | 100g, $2.50, $2.50 per 100g, https://productimages.coles.com.au/productimages/9/9999358.jpg
Mission Low Carb Spinach And Herb Wrap | 288g, $4.50, $1.56 per 100g, https://productimages.coles.com.au/productimages/4/4327239.jpg
Kellogg's Crunchy Nut Corn Flakes Breakfast Cereal | 640g, $10.00, $1.56 per 100g, https://productimages.coles.com.au/productimages/5/5116239.jpg
Coles  Belgian Chocolate Lava Cake | 200g, $5.50, $2.75 per 100g, https://productimages.coles.com.au/productimages/3/3165540.jpg
Coles Multigrain Dinner Rolls 260g | 6 pack, $2.60, $0.43 per 1ea, https://productimages.coles.com.au/productimages/1/1597124.jpg
Coles Gluten Free White Rolls 2 Pack | 140g, $3.60, $2.57 per 100g, https://productimages.coles.com.au/productimages/3/3733948.jpg
Borg's Spinach Pastizzi Value Pack | 1kg, $8.00, $0.80 per 100g, https://productimages.coles.com.au/productimages/6/6956450.jpg
Helga's Sweet Potato Wrap | 445g, $5.00, $1.12 per 100g, https://productimages.coles.com.au/productimages/5/5862883.jpg
Coles Caramel Mud Cake | 600g, $6.40, $1.07 per 100g, https://productimages.coles.com.au/productimages/3/3904712.jpg
Mission Crust Plain Pizza | 400g, $4.50, $1.13 per 100g, https://productimages.coles.com.au/productimages/3/3870825.jpg
Coles Natures Kitchen Vegan Chocolate Cupcake 2 Pack | 130g, $4.00, $3.08 per 100g, https://productimages.coles.com.au/productimages/4/4222300.jpg
Doritos Corn Chips Mexicana Share Pack | 170g, $3.35, $1.97 per 100g, https://productimages.coles.com.au/productimages/3/3721993.jpg
Helga's Soy Linseed Bread | 850g, $4.90, $0.58 per 100g, https://productimages.coles.com.au/productimages/6/6913695.jpg
Simson's Pantry Low Carb Keto 5 pack | 200g, $5.00, $2.50 per 100g, https://productimages.coles.com.au/productimages/4/4315080.jpg
Lawson's Traditional Settler's Grain Bread | 750g, $5.80, $0.77 per 100g, https://productimages.coles.com.au/productimages/3/3362915.jpg
Edwards Sourdough 7 Grain With Barleymax | 680g, $8.50, $1.25 per 100g, https://productimages.coles.com.au/productimages/5/5184909.jpg
Tip Top White Bread Hot Dog Rolls | 6 pack, $4.00, $0.67 per 1ea, https://productimages.coles.com.au/productimages/7/7057200.jpg
Coles IM Free From Fruit Loaf | 500g, $5.95, $1.19 per 100g, https://productimages.coles.com.au/productimages/3/3216710.jpg
Helgas 50% Lower Carb 5 Seeds Loaf | 700g, $5.50, $0.79 per 100g, https://productimages.coles.com.au/productimages/4/4688485.jpg
Edwards Sourdough Rye Dark Bread | 680g, $8.50, $1.25 per 100g, https://productimages.coles.com.au/productimages/9/9409884.jpg
Trolli Britecrawlers | 150g, $2.30, $1.53 per 100g, https://productimages.coles.com.au/productimages/2/2909608.jpg
Noshu 95% Sugar Free Iced Carrot Cakes | 180g, $4.90, $2.72 per 100g, https://productimages.coles.com.au/productimages/4/4215337.jpg
Simson's Pantry Lite Super Grains Wraps 5pack | 210g, $5.50, $2.62 per 100g, https://productimages.coles.com.au/productimages/3/3871078.jpg
Core Power Foods Deep South Beef Chilli | 350g, $7.00, $2.00 per 100g, https://productimages.coles.com.au/productimages/3/3533938.jpg
Four Farms Cauliflower Florets | 500g, $2.40, $4.80 per 1kg, https://productimages.coles.com.au/productimages/5/5145601.jpg
Coles Banana Caramel Cake | 400g, $5.50, $1.38 per 100g, https://productimages.coles.com.au/productimages/5/5577038.jpg
Temptation Frozen Petite Quiches Variety 30 Pack | 500g, $10.00, $2.00 per 100g, https://productimages.coles.com.au/productimages/7/7984611.jpg
Connoisseur Ice Cream Strawberry Cream 4 Pack | 400mL, $9.50, $2.38 per 100mL, https://productimages.coles.com.au/productimages/5/5019378.jpg
Coles IM Free From English Muffins | 140g, $3.50, $2.50 per 100g, https://productimages.coles.com.au/productimages/3/3733992.jpg
Pampas Frozen Pastry Puff | 550g, $6.00, $1.09 per 100g, https://productimages.coles.com.au/productimages/6/6362730.jpg
Bulla Murray Street Vanilla & Boysenberry Swirl | 1L, $12.00, $1.20 per 100mL, https://productimages.coles.com.au/productimages/5/5363624.jpg
KB's Yum Cha Prawn Toast | 240g, $8.50, $3.54 per 100g, https://productimages.coles.com.au/productimages/5/5288427.jpg
Coles Carrot Loaf Cake | 500g, $5.60, $1.12 per 100g, https://productimages.coles.com.au/productimages/1/1311414.jpg
Coles Natures Kitchen Banana Bread Slices | 5 pack, $7.50, $1.50 per 1ea, https://productimages.coles.com.au/productimages/6/6282561.jpg
Coles Bakery Rock Cakes | 6 pack, $4.80, $0.80 per 1ea, https://productimages.coles.com.au/productimages/5/5073806.jpg
Quorn Meat Free Mince | 300g, $7.00, $2.33 per 100g, https://productimages.coles.com.au/productimages/7/7643064.jpg
Connoisseur Ice Cream Mango Coconut 4 Pack | 400mL, $9.50, $2.38 per 100mL, https://productimages.coles.com.au/productimages/5/5019334.jpg
Mission Soft & Fluffy Wrap 12 pack | 450g, $5.00, $1.11 per 100g, https://productimages.coles.com.au/productimages/2/2471234.jpg
Coles I'M Free From Turkish Bread | 200g, $5.10, $2.55 per 100g, https://productimages.coles.com.au/productimages/3/3824500.jpg
Hanabi Frozen Udon Noodles | 1.2kg, $8.00, $0.67 per 100g, https://productimages.coles.com.au/productimages/2/2143360.jpg
Coles Frozen Shortcrust Pastry 5 pack | 1kg, $2.95, $0.30 per 100g, https://productimages.coles.com.au/productimages/5/5826992.jpg
Family Faves Panko Crumb Chicken Donut | 1kg, $21.50, $21.50 per 1kg, https://productimages.coles.com.au/productimages/5/5988870.jpg
Birds Eye Snap Frozen Carrot Cauliflower Broccoli & Bean | 500g, $4.00, $8.00 per 1kg, https://productimages.coles.com.au/productimages/1/1777160.jpg
McCain Frozen Corn Kernels | 500g, $4.00, $8.00 per 1kg, https://productimages.coles.com.au/productimages/4/428154.jpg
Coles Southern Style Chicken Pops | 400g, $6.00, $15.00 per 1kg, https://productimages.coles.com.au/productimages/3/3187553.jpg
McCain Pub Size Chicken & Bacon Bake | 480g, $9.50, $1.98 per 100g, https://productimages.coles.com.au/productimages/2/2944176.jpg
Dr Oetker Ristorante Vegetale Pizza | 385g, $9.00, $2.34 per 100g, https://productimages.coles.com.au/productimages/5/5033357.jpg
Coles Fantasy Cupcakes 4 Pack | 288g, $6.00, $2.08 per 100g, https://productimages.coles.com.au/productimages/3/3757050.jpg
Coles Vanilla Mini Cupcakes 9 Pack | 216g, $6.00, $2.78 per 100g, https://productimages.coles.com.au/productimages/3/3757061.jpg
Drumstick Ice Cream Mini Boysenberry 6Pack | 490mL, $6.50, $1.35 per 100mL, https://productimages.coles.com.au/productimages/3/3542713.jpg
Mr Chen's Bao Buns | 640g, $16.00, $2.50 per 100g, https://productimages.coles.com.au/productimages/5/5287810.jpg
Vadilal Shredded Coconut | 312g, $3.40, $1.09 per 100g, https://productimages.coles.com.au/productimages/3/3640905.jpg
Peters Maxibon Ice Cream Waffle 4 Pack | 560mL, $9.50, $1.70 per 100mL, https://productimages.coles.com.au/productimages/5/5018579.jpg
Pampas Frozen Lemon Meringue Pies 4 pack | 400g, $5.00, $1.25 per 100g, https://productimages.coles.com.au/productimages/4/464522.jpg
KB's Yum Cha Prawn Won Ton | 240g, $8.50, $3.54 per 100g, https://productimages.coles.com.au/productimages/5/5288450.jpg
Peters Original Twin Pole Pineapple & Raspberry 8 Pack | 592mL, $3.75, $0.63 per 100mL, https://productimages.coles.com.au/productimages/4/4477581.jpg
Drumstick Ice Cream Cua Hokey Pokey 4pack | 475mL, $6.50, $1.42 per 100mL, https://productimages.coles.com.au/productimages/5/5764400.jpg
Peters Oreo Ice Cream Tub | 1.2L, $10.00, $0.83 per 100mL, https://productimages.coles.com.au/productimages/3/3626370.jpg
Tip Top The One Gluten Free Smooth Wholegrain | 550g, $7.00, $1.27 per 100g, https://productimages.coles.com.au/productimages/5/5749734.jpg
Simson's Pantry Garlic Naan Bread | 250g, $4.00, $1.60 per 100g, https://productimages.coles.com.au/productimages/2/2361189.jpg
Core Powerfoods BBQ Mixed Grill | 350g, $7.00, $2.00 per 100g, https://productimages.coles.com.au/productimages/5/5643755.jpg
Abbott's Bakery Gluten Free Mixed Seeds Bread | 500g, $7.00, $1.40 per 100g, https://productimages.coles.com.au/productimages/2/2834225.jpg
Vegie Delights Plant Based Not Burger | 300g, $5.85, $1.95 per 100g, https://productimages.coles.com.au/productimages/3/3994533.jpg
Cadbury Freddo Party Cake Ice Cream | 1.5L, $15.00, $1.00 per 100mL, https://productimages.coles.com.au/productimages/9/9093430.jpg
Cadbury Dairy Milk Hazelnut Ice Cream 4 pack | 360mL, $9.50, $2.64 per 100mL, https://productimages.coles.com.au/productimages/3/3880862.jpg
Meet Strips | 250g, $4.75, $1.90 per 100g, https://productimages.coles.com.au/productimages/3/3990758.jpg
McCain Frozen Healthy Choice Spinach & Ricotta Ravioli | 390g, $5.00, $1.43 per 100g, https://productimages.coles.com.au/productimages/4/4732237.jpg
Mission Whole Wheat Mini Wraps 8 pack | 384g, $4.50, $1.17 per 100g, https://productimages.coles.com.au/productimages/7/7863606.jpg
Annabel Karmel Meals Spaghetti And Meatballs | 200g, $3.90, $1.95 per 100g, https://productimages.coles.com.au/productimages/2/2313335.jpg
Steggles Frozen Tempura Chicken Breast Pops | 1kg, $13.70, $13.70 per 1kg, https://productimages.coles.com.au/productimages/3/3236976.jpg
Inghams Tempura Nuggets | 400g, $5.50, $13.75 per 1kg, https://productimages.coles.com.au/productimages/4/4314984.jpg
Birds Eye Frozen Chinese Vegetables Stir Fry | 850g, $5.50, $6.47 per 1kg, https://productimages.coles.com.au/productimages/8/8145798.jpg
Streets Calippo Minis Lemon Orange & Lime Ice Blocks 10 pack | 575mL, $9.00, $1.57 per 100mL, https://productimages.coles.com.au/productimages/4/4192606.jpg
Streets Viennetta Classic Vanilla Ice Cream Cake | 650mL, $8.00, $1.23 per 100mL, https://productimages.coles.com.au/productimages/3/3169766.jpg
Pauls Zymil Skim Long Life Milk | 1L, $3.00, $3.00 per 1L, https://productimages.coles.com.au/productimages/4/4311829.jpg
Coles Orange Juice | 500mL, $2.40, $7.27 per 1L, https://productimages.coles.com.au/productimages/1/1013915.jpg
Kirks Portello Soft Drink Bottle | 600mL, $2.50, $4.17 per 1L, https://productimages.coles.com.au/productimages/2/2599679.jpg
Hanabi White Clams Whole | 1 kg, $7.90, $7.90 per 1kg, https://productimages.coles.com.au/productimages/3/3628364.jpg
Schweppes Lemonade | 2L, $3.00, $1.50 per 1L, https://productimages.coles.com.au/productimages/2/240208.jpg
Pauls Bluey Strawberry Flavoured Milk | 250mL, $2.25, $9.00 per 1L, https://productimages.coles.com.au/productimages/4/4165501.jpg
Bubly Sparkling Water Blackberry 8x375mL | 8 pack, $15.00, $5.00 per 1L, https://productimages.coles.com.au/productimages/6/6274508.jpg
Bundaberg Brewed Drink Guava 4x375mL | 4 pack, $4.90, $3.27 per 1L, https://productimages.coles.com.au/productimages/2/2481238.jpg
Coca-Cola Diet Soft Drink 6x250mL | 6 pack, $8.35, $5.57 per 1L, https://productimages.coles.com.au/productimages/4/4398703.jpg
Vitasoy Almond Milky | 1L, $3.00, $3.00 per 1L, https://productimages.coles.com.au/productimages/3/3019027.jpg
Ardmona Apricot Nectar Fruit Drink Can | 405mL, $1.90, $4.69 per 1L, https://productimages.coles.com.au/productimages/4/4742015.jpg
Alula Advance+ Follow On Stage 2 Formula | 800g, $40.00, $5.00 per 100g, https://productimages.coles.com.au/productimages/4/4992330.jpg
Coles Frozen Buttermilk Chicken Tenders | 400g, $7.00, $17.50 per 1kg, https://productimages.coles.com.au/productimages/3/3773079.jpg
Ice Break Real Coffee Regular Strength Flavoured Milk | 750mL, $4.95, $6.60 per 1L, https://productimages.coles.com.au/productimages/9/9695364.jpg
Twinings Pure Green Tea Bags 10 pack | 15g, $3.00, $0.30 per 1ea, https://productimages.coles.com.au/productimages/7/7127440.jpg
Coles Salt Reduced Butter | 250g, $4.30, $1.72 per 100g, https://productimages.coles.com.au/productimages/5/5079234.jpg
Coles Kitchen Chicken Caesar Wrap | 169g, $7.00, $4.14 per 100g, https://productimages.coles.com.au/productimages/5/5627748.jpg
Fanta Orange Soft Drink Multipack Mini Cans 6x250mL | 6 pack, $8.35, $5.57 per 1L, https://productimages.coles.com.au/productimages/4/4398725.jpg
Pauls Smarter White Milk | 3L, $6.95, $2.32 per 1L, https://productimages.coles.com.au/productimages/9/9759886.jpg
Vaalia Kids Yoghurt Pouch Limited Edition  | 140g, $2.40, $1.71 per 100g, https://productimages.coles.com.au/productimages/4/4343790.jpg
Twinings Live Well Defense Tea Bags | 20 pack, $8.50, $0.43 per 1ea, https://productimages.coles.com.au/productimages/4/4986268.jpg
Golden Circle Apple Juice | 3L, $4.50, $1.50 per 1L, https://productimages.coles.com.au/productimages/5/5975020.jpg
Pureharvest Organic Long Life Oat Milk | 1L, $2.80, $2.80 per 1L, https://productimages.coles.com.au/productimages/6/6684146.jpg
Coles Deli Fetta Cheese | approx 100g, $2.25, $22.50 per 1kg, https://productimages.coles.com.au/productimages/3/3218894.jpg
Birds Eye Frozen Steam Fresh Plus Pearl CousCous With Chick Peas 2 pack | 400g, $7.00, $17.50 per 1kg, https://productimages.coles.com.au/productimages/2/2257278.jpg
Coca-Cola Diet Soft Drink Cans 30x375mL | 30 pack, $24.35, $2.16 per 1L, https://productimages.coles.com.au/productimages/8/8464800.jpg
Coles Soda Water With Lime | 1.25L, $0.90, $0.72 per 1L, https://productimages.coles.com.au/productimages/5/5235260.jpg
Caprilac Pasteurised Goats Milk | 1L, $5.95, $5.95 per 1L, https://productimages.coles.com.au/productimages/3/3987232.jpg
Pop Tops Apple Blackcurrant Fruit Drink Multipack 250mL | 6 pack, $5.00, $3.33 per 1L, https://productimages.coles.com.au/productimages/8/8147374.jpg
Dairy Farmers Thick & Creamy Caramelised Fig Yoghurt | 150g, $1.80, $1.20 per 100g, https://productimages.coles.com.au/productimages/1/1198118.jpg
Fanta Orange Soft Drink Bottle | 2L, $3.00, $1.50 per 1L, https://productimages.coles.com.au/productimages/2/224857.jpg
Sunny Queen Cage Free Large Eggs 18 pack | 900g, $7.95, $0.88 per 100g, https://productimages.coles.com.au/productimages/8/8946775.jpg
V Energy Drink Can Raspberry | 500mL, $3.85, $7.70 per 1L, https://productimages.coles.com.au/productimages/3/3734827.jpg
Amazonia Acai  Energy Superfood Packs | 400g, $8.00, $2.00 per 100g, https://productimages.coles.com.au/productimages/3/3243585.jpg
Twining's Pure Camomile Infusions Tea Bags | 10 pack, $3.00, $0.30 per 1ea, https://productimages.coles.com.au/productimages/2/2469480.jpg
Coles Irresistible Ice Cream Salted Caramel | 1L, $6.50, $0.65 per 100mL, https://productimages.coles.com.au/productimages/2/2426262.jpg
Mount Franklin Lightly Sparkling Water Watermelon | 10 pack, $8.75, $2.33 per 1L, https://productimages.coles.com.au/productimages/5/5623601.jpg
Chobani Fit Vanilla Yoghurt Pouch | 140g, $2.70, $1.93 per 100g, https://productimages.coles.com.au/productimages/3/3246812.jpg
Pauls Kids Yoghurt Strawberry Pink | 70g, $1.20, $1.71 per 100g, https://productimages.coles.com.au/productimages/3/3992775.jpg
Kirks Soft Drink Orange | 1.25L, $2.35, $1.88 per 1L, https://productimages.coles.com.au/productimages/6/6421646.jpg
Mighty Bellies Lentil Puffs Salt & Vinegar Flavoured | 10g, $2.00, $20.00 per 100g, https://productimages.coles.com.au/productimages/5/5056068.jpg
Fanta Soft Drink Raspberry | 600mL, $3.20, $5.33 per 1L, https://productimages.coles.com.au/productimages/5/5319859.jpg
Chobani Fit Salted Caramel Yogurt Pouch | 140g, $2.70, $1.93 per 100g, https://productimages.coles.com.au/productimages/4/4348920.jpg
Preshafruit Lite Juice Apple | 2L, $7.70, $3.85 per 1L, https://productimages.coles.com.au/productimages/1/1418804.jpg
Core Power Foods Crunchy Satay Chicken | 350g, $7.00, $2.00 per 100g, https://productimages.coles.com.au/productimages/3/3533949.jpg
Powerade Sports Drink Sipper Cap Stawberry Lemon | 600mL, $3.85, $6.42 per 1L, https://productimages.coles.com.au/productimages/4/4402491.jpg
Quorn Meat Free Pieces | 300g, $7.00, $2.33 per 100g, https://productimages.coles.com.au/productimages/7/7643042.jpg
Coles Orange Fruit Drink | 2L, $2.30, $1.15 per 1L, https://productimages.coles.com.au/productimages/2/238691.jpg
Jalna Pot Set Yoghurt Natural Greek | 170g, $2.40, $1.41 per 100g, https://productimages.coles.com.au/productimages/3/3537316.jpg
Chobani Oat Milk Plain | 1L, $5.00, $5.00 per 1L, https://productimages.coles.com.au/productimages/5/5425470.jpg
Moccona Espresso Style Bold & Intense Instant Coffee | 400g, $28.00, $7.00 per 100g, https://productimages.coles.com.au/productimages/2/2269175.jpg
Powerade ION4 Lemon Lime Sports Drink Sipper Cap | 600mL, $3.85, $6.42 per 1L, https://productimages.coles.com.au/productimages/1/1725993.jpg
Grand Italian Potato Gnocchi | 500g, $5.60, $1.12 per 100g, https://productimages.coles.com.au/productimages/3/3776882.jpg
Coles Australian Light Shredded Mozzarella | 250g, $5.00, $20.00 per 1kg, https://productimages.coles.com.au/productimages/1/1413323.jpg
Lurpak Slightly Salted Butter | 250g, $5.80, $2.32 per 100g, https://productimages.coles.com.au/productimages/5/5394129.jpg
Great Ocean Road Chocolate Flavoured Milk | 2L, $5.35, $2.68 per 1L, https://productimages.coles.com.au/productimages/9/9321230.jpg
Mildura Sunrise Orange And Passionfruit Drink | 3L, $5.00, $1.67 per 1L, https://productimages.coles.com.au/productimages/1/1418167.jpg
Flora ProActiv Margarine Spread Original | 250g, $5.75, $2.30 per 100g, https://productimages.coles.com.au/productimages/8/8146940.jpg
CUB Organic Plant Based White Beans With Corn Broccoli With A Pinch Of Garlic 6M+ | 120g, $2.05, $1.71 per 100g, https://productimages.coles.com.au/productimages/3/3973657.jpg
Dilmah Pure Ceylon Jasmine Flavour Green Tea Bags 20 pack | 40g, $3.00, $0.15 per 1ea, https://productimages.coles.com.au/productimages/2/2601329.jpg
Schweppes Sparkling Water Blood Orange 10x375mL | 10 pack, $15.00, $4.00 per 1L, https://productimages.coles.com.au/productimages/4/4677172.jpg
Chobani Caramel Sunshine Flip Yoghurt | 140g, $2.50, $1.79 per 100g, https://productimages.coles.com.au/productimages/3/3477826.jpg
Coles Kitchen Lamb Rogan Josh & Rice | 350g, $7.50, $2.14 per 100g, https://productimages.coles.com.au/productimages/3/3468144.jpg
Bubs Supreme A2 Stage 3 Toddler Milk Drink | 800g, $38.00, $4.75 per 100g, https://productimages.coles.com.au/productimages/5/5019710.jpg
Flora Margarine Spread Light | 500g, $4.20, $0.84 per 100g, https://productimages.coles.com.au/productimages/8/87643.jpg
Kirks Sugar Free Lemon Soft Drink 10x375mL | 10 Pack, $11.60, $3.09 per 1L, https://productimages.coles.com.au/productimages/1/1181261.jpg
Aptamil Gold+ Reflux Baby Infant Formula Regurgitation or Mild Reflux From Birth to 12 Months | 900g, $32.00, $3.56 per 100g, https://productimages.coles.com.au/productimages/3/3773498.jpg
Birds Eye Frozen Farmhouse Seasoned Sides | 600g, $7.00, $11.67 per 1kg, https://productimages.coles.com.au/productimages/2/2257642.jpg
Nestle Nesquik Strawberry Flavoured Milk Drink | 250g, $3.50, $1.40 per 100g, https://productimages.coles.com.au/productimages/1/116129.jpg
Coles Beef With Vegetables 6+ Months | 120g, $1.00, $0.83 per 100g, https://productimages.coles.com.au/productimages/3/3962038.jpg
Vaalia Kids Lactose Free Vanilla Yoghurt Pouch | 140g, $2.40, $1.71 per 100g, https://productimages.coles.com.au/productimages/1/1199245.jpg
Schweppes Infused Raspberry Mineral Water | 1.1L, $2.60, $2.36 per 1L, https://productimages.coles.com.au/productimages/3/3014883.jpg
Farex Breakfast On The Go Porridge with Apple Baby Food Cereal | 120g, $1.80, $1.50 per 100g, https://productimages.coles.com.au/productimages/8/8997018.jpg
Devondale Regular Butter Blend | 500g, $7.50, $1.50 per 100g, https://productimages.coles.com.au/productimages/5/5047613.jpg
Whole Kids Organic Soft Cereal Biscuits Spelt & Apple 6M+ | 120g, $4.80, $4.00 per 100g, https://productimages.coles.com.au/productimages/4/4160858.jpg
Alka Power Ionic Alkaline Spring Water PH9-10 With 5 Natural Electrolytes | 1.5L, $3.50, $2.33 per 1L, https://productimages.coles.com.au/productimages/3/3528712.jpg
Sunraysia Pouch 99.9% Apple Juice | 200mL, $1.40, $7.00 per 1L, https://productimages.coles.com.au/productimages/4/4158743.jpg
Maximus Gamer Lime Sports Drink | 1L, $2.50, $2.50 per each, https://productimages.coles.com.au/productimages/3/3805448.jpg
V Sugarfree  Energy Drink | 250mL, $2.35, $9.40 per 1L, https://productimages.coles.com.au/productimages/9/9589458.jpg
Coles Dairy Vanilla Flavour Custard | 600g, $1.80, $0.30 per 100g, https://productimages.coles.com.au/productimages/7/7152346.jpg
Jalna Pouch Of Purity Organic Yoghurt Tropical | 100g, $1.95, $1.95 per 100g, https://productimages.coles.com.au/productimages/5/5312496.jpg
Heinz Tropical Custard No Added Sugar | 120g, $1.80, $1.50 per 100g, https://productimages.coles.com.au/productimages/4/4144749.jpg
Coles Organic Free Range Eggs 12 Pack | 600g, $10.00, $1.67 per 100g, https://productimages.coles.com.au/productimages/3/3169697.jpg
Nestle Coffee Mate Whitener | 400g, $4.50, $1.13 per 100g, https://productimages.coles.com.au/productimages/9/9693948.jpg
Danone The Ultimate Blueberry Yoghurt 4x115g | 4 pack, $4.50, $0.98 per 100g, https://productimages.coles.com.au/productimages/3/3310150.jpg
Sanpellegrino Pet Sparkling Mineral Water Bottle | 1L, $4.00, $4.00 per 1L, https://productimages.coles.com.au/productimages/3/3498509.jpg
CUB Standard Neck Silicone Teats 6+ Months | 2 pack, $3.50, $1.75 per 1ea, https://productimages.coles.com.au/productimages/3/3752239.jpg
Chobani Flip Mint Chocolate Chip Yoghurt | 140g, $2.50, $1.79 per 100g, https://productimages.coles.com.au/productimages/2/2974971.jpg
Mildura Apple And Guava Fruit Drink | 500mL, $2.50, $5.00 per 1L, https://productimages.coles.com.au/productimages/3/3486204.jpg
Chobani Flip Yogurt Limited Edition | 140g, $2.50, $1.79 per 100g, https://productimages.coles.com.au/productimages/4/4349130.jpg
Chobani Greek Yogurt Strawberry | 160g, $2.50, $1.56 per 100g, https://productimages.coles.com.au/productimages/5/5938726.jpg
Coles Dairy Cheese Camembert Wrapped | 125g, $3.00, $24.00 per 1kg, https://productimages.coles.com.au/productimages/6/6169580.jpg
Kiddylicious Strawberry Fruity Puffs | 10g, $2.20, $22.00 per 100g, https://productimages.coles.com.au/productimages/3/3018909.jpg
Dairy Farmers Thick & Creamy Mango Passionfruit Yoghurt | 600g, $4.50, $0.75 per 100g, https://productimages.coles.com.au/productimages/1/1198435.jpg
Pauls Zymil Lactose Free Skim Milk | 1L, $3.90, $3.90 per 1L, https://productimages.coles.com.au/productimages/8/8972436.jpg
Green Pastures Full Cream Milk | 2L, $4.30, $2.15 per 1L, https://productimages.coles.com.au/productimages/1/1595800.jpg
Danone Yopro Vanilla Yoghurt | 700g, $7.50, $1.07 per 100g, https://productimages.coles.com.au/productimages/3/3246914.jpg
CUB Baby Oil | 500mL, $3.00, $0.60 per 100mL, https://productimages.coles.com.au/productimages/3/3506833.jpg
Coles Chicken With Vegetables 6+ Months | 120g, $1.00, $0.83 per 100g, https://productimages.coles.com.au/productimages/3/3962049.jpg
CUB Milk Powder Container | 1 each, $5.00, $5.00 per 1ea, https://productimages.coles.com.au/productimages/3/3752206.jpg
New Beginnings Nipple Shields | 2 pack, $7.50, $3.75 per 1ea, https://productimages.coles.com.au/productimages/4/4277640.jpg
Nuby No Spill Twin Handle Sipper Cup 295mL | 1 each, $7.35, $7.35 per 1ea, https://productimages.coles.com.au/productimages/8/8090390.jpg
CUB Potty | 1 each, $8.00, $8.00 per each, https://productimages.coles.com.au/productimages/3/3775788.jpg
Tommee Tippee Baby Cherry Latex Dummy 2 Pack 6-18m | 2 pack, $6.30, $3.15 per 1ea, https://productimages.coles.com.au/productimages/4/4289640.jpg
Marcalan Nipple Cream | 30g, $10.00, $33.33 per 100g, https://productimages.coles.com.au/productimages/2/2916669.jpg
CUB Bamboo Fibre Divided Plate | 1 each, $6.00, $6.00 per 1ea, https://productimages.coles.com.au/productimages/4/4146132.jpg
CUB Singlet Bodysuit Beige & Green | 1 pack, $9.80, $9.80 per 1ea, https://productimages.coles.com.au/productimages/4/4267396.jpg
CUB Zip Coverall Yellow | 2 pack, $11.20, $5.60 per 1ea, https://productimages.coles.com.au/productimages/4/4266735.jpg
Tommee Tippee Sipper Trainer Cup 390ml 12m+ | 1 pack, $12.00, $12.00 per 1ea, https://productimages.coles.com.au/productimages/5/5329262.jpg
Kiddylicious Banana Fruty Puffs | 4 pack, $7.80, $1.95 per 1ea, https://productimages.coles.com.au/productimages/5/5045924.jpg
Comfort Fabric Conditioner Amber & Rose | 900mL, $9.00, $10.00 per 1L, https://productimages.coles.com.au/productimages/5/5091615.jpg
Coles Large Grater | 1 each, $6.00, $6.00 per 1ea, https://productimages.coles.com.au/productimages/4/4150537.jpg
Fisher-price Or Disney 10 Second Digital Thermometer | 1 each, $9.00, $9.00 per 1ea, https://productimages.coles.com.au/productimages/3/3505772.jpg
Tommee Tippee Baby Cherry Latex Dummy 2 Pack 0-6m | 2 pack, $6.30, $3.15 per 1ea, https://productimages.coles.com.au/productimages/4/4289628.jpg
Purelan Lanolin Cream | 7 gram, $10.50, $150.00 per 100g, https://productimages.coles.com.au/productimages/5/5331402.jpg
Bic Multi Purpose Lighter | 1 each, $11.00, $11.00 per 1ea, https://productimages.coles.com.au/productimages/3/3660287.jpg
Decor Match Ups Container 800mL | 1 each, $6.50, $6.50 per 1ea, https://productimages.coles.com.au/productimages/1/1898801.jpg
Radiant Laundry Liquid Plus Softener | 1.8L, $10.00, $5.56 per 1L, https://productimages.coles.com.au/productimages/5/5109448.jpg
Tommee Tippee Bottle Teat Fast Flow 2 Pack 6m+ | 2 pack, $10.00, $5.00 per 1ea, https://productimages.coles.com.au/productimages/1/1176760.jpg
CUB Popover Bibs | 3 pack, $9.80, $3.27 per 1ea, https://productimages.coles.com.au/productimages/4/4267476.jpg
Kiddylicious Veggie Straws Cheesy Flavour | 4 pack, $7.80, $1.95 per 1ea, https://productimages.coles.com.au/productimages/5/5044692.jpg
Keep It Cleaner Toddler Wheat Free Cereal Plain | 225g, $5.00, $2.22 per 100g, https://productimages.coles.com.au/productimages/5/5052544.jpg
Coles BBQ Aluminium Small Trays | 5 pack, $4.50, $0.90 per 1ea, https://productimages.coles.com.au/productimages/4/4289275.jpg
Morning Fresh Ultimate Orginal Dishwashing Liquid | 350mL, $5.50, $1.57 per 100mL, https://productimages.coles.com.au/productimages/2/2861523.jpg
New Beginnings Ultrathin Nursing Pads | 40 pack, $5.60, $0.14 per 1ea, https://productimages.coles.com.au/productimages/4/4277607.jpg
Tommee Tippee Sportee Toddler Bottle 390ml 12m+ | 1 pack, $12.00, $12.00 per 1ea, https://productimages.coles.com.au/productimages/5/5330986.jpg
The First Years Inside Scoop Suction Bowl | 1 pack, $9.50, $9.50 per 1ea, https://productimages.coles.com.au/productimages/3/3520040.jpg
Ajax Disinfectant Cleanse Lemon | 500mL, $5.00, $1.00 per 100mL, https://productimages.coles.com.au/productimages/5/5003174.jpg
Earth Choice Ultra Concentrate Laundry Liquid | 4L, $18.50, $4.63 per 1L, https://productimages.coles.com.au/productimages/1/1751111.jpg
Dettol Antibacterial Laundry Sanitiser Eucalyptus | 750mL, $18.00, $24.00 per 1L, https://productimages.coles.com.au/productimages/6/6264504.jpg
NRG Super Alkaline AAA | 14 pack, $16.60, $1.19 per 1ea, https://productimages.coles.com.au/productimages/3/3858660.jpg
Radiant Blacks & Darks Laundry Liquid Black Wash Detergent | 1L, $5.50, $5.50 per 1L, https://productimages.coles.com.au/productimages/3/3196667.jpg
Ajax Professional Bathroom Trigger Spray | 500mL, $7.00, $1.40 per 100mL, https://productimages.coles.com.au/productimages/4/4939858.jpg
CUB Soft Spout Cup 6+ Months | 1 each, $6.00, $6.00 per 1ea, https://productimages.coles.com.au/productimages/3/3752170.jpg
Coles Ultra Oxy Action Laundry Booster & Soaker | 1kg, $3.90, $3.90 per 1kg, https://productimages.coles.com.au/productimages/5/5512837.jpg
Bonds 120D Black Opaque Tights Medium/Large | 1 pack, $7.50, $7.50 per 1ea, https://productimages.coles.com.au/productimages/7/7432230.jpg
Avent Medium Flow Teat 3+ Months | 2 pack, $11.95, $5.98 per 1ea, https://productimages.coles.com.au/productimages/4/4590697.jpg
B.box Cleaning Brush Set | 1 pack, $10.80, $10.80 per 1ea, https://productimages.coles.com.au/productimages/4/4205424.jpg
Smash Tritan Drink Bottle | 1 each, $9.00, $9.00 per 1ea, https://productimages.coles.com.au/productimages/2/2818025.jpg
B.box Silicon Mesh Feeder Assorted | 1 each, $11.20, $11.20 per 1ea, https://productimages.coles.com.au/productimages/5/5245107.jpg
Sard Washing Machine 3 In 1 Cleaner | 150g, $10.00, $66.67 per 1kg, https://productimages.coles.com.au/productimages/4/4261571.jpg
Huggies Disney Movie Classics Book Gift With Purchase | 1 each, $10.00, $10.00 per 1ea, https://productimages.coles.com.au/productimages/6/6095495.jpg
Dynamo Professional Eucalyptus 7 In 1 Laundry Liquid | 1.8L, $25.00, $13.89 per 1L, https://productimages.coles.com.au/productimages/3/3921653.jpg
Ziploc Sandwich Bags | 40 pack, $4.40, $0.11 per 1ea, https://productimages.coles.com.au/productimages/6/6062270.jpg
Bref Brilliant Gel Spring Rain | 42g, $7.00, $16.67 per 100g, https://productimages.coles.com.au/productimages/4/4224280.jpg
Connoisseur Salted Pretzel 4 Pack | 360mL, $9.50, $2.64 per 100mL, https://productimages.coles.com.au/productimages/5/5488528.jpg
Ambi Pur Premium Clip Aqua Car Air Freshener | 7.5mL, $8.80, $11.73 per 10mL, https://productimages.coles.com.au/productimages/2/2709868.jpg
Tommee Tippee Transition Baby to Toddler Cup 4m+ | 1 pack, $12.30, $12.30 per 1ea, https://productimages.coles.com.au/productimages/3/3839188.jpg
Hovex Camphor | 18g, $3.00, $16.67 per 100g, https://productimages.coles.com.au/productimages/5/5569062.jpg
Sard Laundry Sanitiser | 1.5L, $14.00, $9.33 per 1L, https://productimages.coles.com.au/productimages/4/4261582.jpg
Tommee Tippee Narrow Neck Fast Flow Teat 2 Pack 6m+ | 2 pack, $9.00, $4.50 per 1ea, https://productimages.coles.com.au/productimages/2/2930230.jpg
Coles Super Alkaline Battery 9V | 2 pack, $5.25, $2.63 per 1ea, https://productimages.coles.com.au/productimages/6/6876318.jpg
Tommee Tippee Bottle Teat Medium Flow 2 Pack 3m+ | 2 pack, $10.00, $5.00 per 1ea, https://productimages.coles.com.au/productimages/1/1176750.jpg
Tomy Take & Toss Sipper Cup | 6 pack, $7.00, $1.17 per 1ea, https://productimages.coles.com.au/productimages/9/9772636.jpg
Pyrex Simply Store Glass Round Container 470mL | 1 each, $10.00, $10.00 per 1ea, https://productimages.coles.com.au/productimages/8/8978873.jpg
Cub Singlet Bodysuit Yellow & Grey | 2 pack, $9.80, $4.90 per 1ea, https://productimages.coles.com.au/productimages/4/4267363.jpg
Redheads Extra Long Safety Matches | 45 pack, $3.30, $7.33 per 100ea, https://productimages.coles.com.au/productimages/4/492845.jpg
B.box Silicone Bowls Assorted | 1 each, $10.00, $10.00 per 1ea, https://productimages.coles.com.au/productimages/3/3784213.jpg
Medela Soft Silicone Soothers Assorted Colours 6-18months | 2 pack, $12.00, $6.00 per 1ea, https://productimages.coles.com.au/productimages/5/5339459.jpg
Coles Self Standing Garbage Bags With Draw Tape | 3 pack, $3.20, $1.07 per 1ea, https://productimages.coles.com.au/productimages/6/6428678.jpg
Tommee Tippee Easigrip Weaning Spoons 5 Pack 6m+ | 5 pack, $9.20, $1.84 per 1ea, https://productimages.coles.com.au/productimages/4/4281310.jpg
No Vac Garden Breeze Carpet Sanitiser & Deodoriser | 290g, $4.15, $1.43 per 100g, https://productimages.coles.com.au/productimages/8/8143941.jpg
Magazine That's Life | 1 each, $4.20, $4.20 per each, https://productimages.coles.com.au/productimages/5/5515948.jpg
Pine O Cleen Multi Purpose Trigger Spray Lemon Lime | 750mL, $4.00, $0.53 per 100mL, https://productimages.coles.com.au/productimages/1/1974138.jpg
Downy Sunrise Fresh Fabric Enhancer Liquid | 900mL, $13.00, $14.44 per 1L, https://productimages.coles.com.au/productimages/3/3311845.jpg
Haagen Dazs Duo Vanilla Brownie & Raspberry Ice Cream Tub | 420mL, $13.50, $3.21 per 100mL, https://productimages.coles.com.au/productimages/5/5482827.jpg
Vanish Napisan Oxi Action Fabric Powder Stain Remover | 1kg, $11.50, $11.50 per 1kg, https://productimages.coles.com.au/productimages/9/9392023.jpg
Dynamo Professional 7 In 1 Laundry Detergent Disc | 45 pack, $43.00, $0.96 per 1ea, https://productimages.coles.com.au/productimages/6/6260900.jpg
Decor Microsafe Easy Heat Container 900mL | 1 each, $3.25, $3.25 per 1ea, https://productimages.coles.com.au/productimages/4/4396661.jpg
Fitness Outcomes Frozen Grass Fed Beef Bolognese With Wholemeal Spaghetti | 350g, $9.00, $2.57 per 100g, https://productimages.coles.com.au/productimages/4/4357706.jpg
Coles Nylon Tongs | 1 each, $4.00, $4.00 per 1ea, https://productimages.coles.com.au/productimages/3/3121522.jpg
Haagen Dazs Duo Belgian Chocolate & Vanilla Ice Cream Tub | 420mL, $13.50, $3.21 per 100mL, https://productimages.coles.com.au/productimages/4/4457212.jpg
Ambi Pur Febreze Anti Bacterial Fabric Freshener | 370mL, $3.90, $10.54 per 1L, https://productimages.coles.com.au/productimages/1/1020375.jpg
Ambi Pur Air Effect Blossoms & Breeze | 275g, $7.50, $2.73 per 100g, https://productimages.coles.com.au/productimages/8/8162083.jpg
Duck Extended Clean Aqua Burst Toilet Cleaner | 50mL, $3.70, $7.40 per 100mL, https://productimages.coles.com.au/productimages/5/5686179.jpg
Fluffy Concentrate Liquid Fabric Softener Conditioner Divine Blends Lotus Flower & Sea Minerals | 900mL, $9.00, $10.00 per 1L, https://productimages.coles.com.au/productimages/1/1586183.jpg
KB Tempura Prawns | 300g, $10.50, $35.00 per 1kg, https://productimages.coles.com.au/productimages/3/3616478.jpg
Chux Superwipes Regular Cleaning Cloths 60cm X 30cm | 10 pack, $4.00, $0.40 per 1ea, https://productimages.coles.com.au/productimages/1/112365.jpg
Bulla Ice Cream Choc Bars Vanilla 8Pack | 600mL, $8.00, $1.33 per 100mL, https://productimages.coles.com.au/productimages/6/6277754.jpg
Decor Match Ups Container 2L | 1 each, $8.70, $8.70 per 1ea, https://productimages.coles.com.au/productimages/1/1898776.jpg
McCain Pub Size Butter Chicken | 480g, $9.50, $1.98 per 100g, https://productimages.coles.com.au/productimages/3/3237855.jpg
Weight Watchers Frozen Creamy Tuna Bake Meal | 320g, $3.90, $1.22 per 100g, https://productimages.coles.com.au/productimages/5/5006762.jpg
Surf Laundry Liquid Tropical Lily | 4L, $16.50, $4.13 per 1L, https://productimages.coles.com.au/productimages/2/2899719.jpg
Nestle Milo Tub | 1.2L, $10.00, $0.83 per 100mL, https://productimages.coles.com.au/productimages/4/4469255.jpg
Dettol Multipurpose Antibacterial Disinfectant Surface Cleaning Trigger Spray Lime and Mint | 500mL, $4.00, $0.80 per 100mL, https://productimages.coles.com.au/productimages/1/1982679.jpg
Radiant Whites Or Colours Laundry Powder Washing Detergent | 2kg, $20.00, $10.00 per 1kg, https://productimages.coles.com.au/productimages/3/3997940.jpg
Magnum Ice Cream Peppermint 4Pack | 428mL, $10.50, $2.45 per 100mL, https://productimages.coles.com.au/productimages/6/6582805.jpg
Connoisseur Ice Cream Matcha Green Tea With White Choc 1Litre | 1L, $12.00, $1.20 per 100mL, https://productimages.coles.com.au/productimages/3/3880578.jpg
Pyrex Classic Glass Bowl 3L | 1 each, $16.50, $16.50 per 1ea, https://productimages.coles.com.au/productimages/5/5306733.jpg
Coles Frozen Strawberries | 1kg, $12.00, $1.20 per 100g, https://productimages.coles.com.au/productimages/4/4966566.jpg
Coles BBQ Trays | 4 pack, $6.50, $1.63 per 1ea, https://productimages.coles.com.au/productimages/9/9795405.jpg
Birds Eye Deli Hoki Crisp Light Batter | 250g, $8.00, $32.00 per 1kg, https://productimages.coles.com.au/productimages/3/3303440.jpg
Inghams Chicken Breast Schnitzel | 400g, $10.65, $26.63 per 1kg, https://productimages.coles.com.au/productimages/4/4315003.jpg
Halo Top Strawberry Cheesecake Ice Cream Tub | 473mL, $8.00, $1.69 per 100mL, https://productimages.coles.com.au/productimages/3/3830365.jpg
Coles Party 30 Pack | 1.25kg, $12.00, $0.96 per 100g, https://productimages.coles.com.au/productimages/2/2733104.jpg
Haagen-Dazs Vanilla Ice Cream Tubs | 457mL, $13.50, $2.95 per 100mL, https://productimages.coles.com.au/productimages/2/2752685.jpg
Family Fave's Chicken Space Shapes | 1kg, $21.50, $21.50 per 1kg, https://productimages.coles.com.au/productimages/4/4315579.jpg
Bulla Choc Fudge Ice Cream 8Pack | 600mL, $8.00, $1.33 per 100mL, https://productimages.coles.com.au/productimages/4/4457201.jpg
Bulla Murray Street Ice Cream Strawberries & Cream | 1L, $12.00, $1.20 per 100mL, https://productimages.coles.com.au/productimages/5/5363657.jpg
On The Menu Roast Beef Plated Meal | 320g, $5.60, $1.75 per 100g, https://productimages.coles.com.au/productimages/8/8151917.jpg
Super Nature Frozen Sri Lankan Root Vegetable And Ancient Grain Curry With Cauliflower And Brown Rice Mix Wellness Bowl | 350g, $7.50, $2.14 per 100g, https://productimages.coles.com.au/productimages/3/3240226.jpg
Golden Wok Diana Chan Honey Soy Chicken Dumplings | 230g, $6.80, $2.96 per 100g, https://productimages.coles.com.au/productimages/4/4406608.jpg
Ingham's Chicken Garlic Kiev Duet | 600g, $12.50, $20.83 per 1kg, https://productimages.coles.com.au/productimages/9/9925486.jpg
Meet Tenders | 250g, $4.75, $1.90 per 100g, https://productimages.coles.com.au/productimages/3/3990747.jpg
Inghams Buffalo Chicken Wings | 700g, $9.70, $13.86 per 1kg, https://productimages.coles.com.au/productimages/4/4315466.jpg
Peters Light & Creamy Raspberry Ripple Fat Free Ice Cream Tub | 1.8L, $5.50, $0.31 per 100mL, https://productimages.coles.com.au/productimages/7/7207030.jpg
Gro To Super Softy Nourishing Body Lotion | 150mL, $17.00, $11.33 per 100mL, https://productimages.coles.com.au/productimages/5/5488346.jpg
McCain Pub Size Parma Veal Schnitzels & Veg | 480g, $9.50, $1.98 per 100g, https://productimages.coles.com.au/productimages/3/3545256.jpg
Hershey's Chocolate Caramel | 1L, $4.50, $0.45 per 100mL, https://productimages.coles.com.au/productimages/4/4457198.jpg
Coles Frozen Fish Fillets Beer Battered | 425g, $4.40, $10.35 per 1kg, https://productimages.coles.com.au/productimages/4/4408159.jpg
Drumstick Ice Cream Caramel 4Pack | 475mL, $6.50, $1.37 per 100mL, https://productimages.coles.com.au/productimages/9/9091377.jpg
Annabel Karmel Meals Bolognaise Pasta Bake | 200g, $3.90, $1.95 per 100g, https://productimages.coles.com.au/productimages/2/2313244.jpg
Birds Eye Veggie Rice Cauliflower Mushroom And Pea Risotto | 500g, $5.20, $10.40 per 1kg, https://productimages.coles.com.au/productimages/4/4652058.jpg
Aveeno Baby Calming Comfort Lavender & Vanilla Scented Lotion | 227mL, $12.50, $5.53 per 100mL, https://productimages.coles.com.au/productimages/2/2940460.jpg
Disney Travel Bib Mickey Mouse | 1 each, $13.00, $13.00 per 1ea, https://productimages.coles.com.au/productimages/3/3784235.jpg
Babylove Unisex Stretchy Walker Nappy Pants 12-17 Kg Size 5 | 25 pack, $20.00, $0.80 per 1ea, https://productimages.coles.com.au/productimages/1/1007071.jpg
CUB Zip Coverall Bear Pattern And Grey | 2 pack, $20.30, $10.15 per 1ea, https://productimages.coles.com.au/productimages/4/4267068.jpg
McCain Frozen Healthy Choice Chinese Chicken With Cashews | 280g, $5.00, $1.79 per 100g, https://productimages.coles.com.au/productimages/8/8057001.jpg
Peters Drumstick Ice Cream Cua Choc Cookie 4pack | 475mL, $6.50, $1.37 per 100mL, https://productimages.coles.com.au/productimages/5/5764217.jpg
Streets Blue Ribbon Duos Berry Passion Pavlova | 2L, $10.00, $0.50 per 100mL, https://productimages.coles.com.au/productimages/5/5482907.jpg
Tommee Tippee Roll n Go Baby Bib 2 Pack 6m+ | 2 pack, $17.00, $8.50 per 1ea, https://productimages.coles.com.au/productimages/2/2930262.jpg
Multi-Mam Compresses | 12 pack, $16.00, $1.33 per 1ea, https://productimages.coles.com.au/productimages/5/5237980.jpg
Tommee Tippee Anti-Colic  Bottle 260ml 2 Pack Newborn+ | 2 pack, $18.20, $9.10 per 1ea, https://productimages.coles.com.au/productimages/3/3838629.jpg
Nuk Signature Soothers 6-18 Months | 2 pack, $13.50, $6.75 per 1ea, https://productimages.coles.com.au/productimages/4/4277163.jpg
Tommee Tippee  Carton Weaning Starter Kit | 1 each, $25.00, $25.00 per 1ea, https://productimages.coles.com.au/productimages/3/3784315.jpg
Tooshies Eco Nappies Reuseable Cloth Nappy | 1 pack, $20.00, $20.00 per 1ea, https://productimages.coles.com.au/productimages/5/5064656.jpg
Avent Bottle Feeding Twin Pack Regular | 260mL, $21.95, $8.44 per 100mL, https://productimages.coles.com.au/productimages/4/4586011.jpg
Tommee Tippee Baby Bottle 340ml 2 Pack 3m+ | 2 pack, $18.55, $9.28 per 1ea, https://productimages.coles.com.au/productimages/1/1175473.jpg
Nestle NAN A.R. Baby Infant Formula For Regurgitation From Birth To 12 Months  | 800g, $26.50, $3.31 per 100g, https://productimages.coles.com.au/productimages/4/4163346.jpg
Bulla Creamy Classics Ice Cream Neapolitan Stick 4 pack | 360mL, $5.20, $1.44 per 100mL, https://productimages.coles.com.au/productimages/4/4845380.jpg
Nan Expertpro Formula Lactose Intolerence | 400g, $15.00, $0.04 per 1ea, https://productimages.coles.com.au/productimages/6/6179551.jpg
Ben & Jerry's Chocolate Chip Cookie Dough Ice Cream Tub | 458mL, $14.50, $3.17 per 100mL, https://productimages.coles.com.au/productimages/7/7806125.jpg
Bambino Mio Reusable Swim Nappy 2+ Years | 1 each, $17.60, $17.60 per 1ea, https://productimages.coles.com.au/productimages/3/3597330.jpg
Avent Air Nighttime Mix 0-6 Months Soother | 2 pack, $14.95, $7.48 per 1ea, https://productimages.coles.com.au/productimages/3/3840562.jpg
KB Lemon & Pepper Squid | 360g, $10.50, $29.17 per 1kg, https://productimages.coles.com.au/productimages/3/3615613.jpg
Haagen Dazs Classic Collection 4 Pack | 480mL, $10.00, $2.63 per 100mL, https://productimages.coles.com.au/productimages/6/6255321.jpg
Avent Feeding Bottle 260ml | 1 each, $12.95, $12.95 per 1ea, https://productimages.coles.com.au/productimages/4/4586769.jpg
Medela Silicone Breast Milk Collector | 1 pack, $22.40, $22.40 per 1ea, https://productimages.coles.com.au/productimages/5/5339540.jpg
Karicare+ 3 Toddler Milk Drink From 12+ Months | 900g, $20.00, $2.22 per 100g, https://productimages.coles.com.au/productimages/1/1023282.jpg
On The Menu Cottage Pie | 260g, $4.50, $1.73 per 100g, https://productimages.coles.com.au/productimages/2/2315250.jpg
Gro To Skin Wizard Nourishing Baby Oil | 150mL, $26.00, $17.33 per 100mL, https://productimages.coles.com.au/productimages/5/5488288.jpg
Coles Gold Follow On Formula Stage 2 | 900g, $14.00, $1.56 per 100g, https://productimages.coles.com.au/productimages/3/3704870.jpg
Bubs Supreme A2 Stage 2 Follow-On Formula | 800g, $40.00, $5.00 per 100g, https://productimages.coles.com.au/productimages/5/5019695.jpg
Gro To Bad Dream Buster Calming Room Spray | 70mL, $12.50, $17.86 per 100mL, https://productimages.coles.com.au/productimages/5/5488415.jpg
Oreo Stick Sandwich 4 Pack | 300mL, $9.50, $3.17 per 100mL, https://productimages.coles.com.au/productimages/4/4477606.jpg
B.box Trio Teether Assorted | 1 each, $19.20, $19.20 per 1ea, https://productimages.coles.com.au/productimages/5/5244986.jpg
Peters Maxibon Ice Cream Honeycomb 4 pack | 560mL, $9.50, $1.70 per 100mL, https://productimages.coles.com.au/productimages/6/6143714.jpg
Avent Animal Ultra Air Soothers 0-6 Months | 2 pack, $13.95, $6.98 per 1ea, https://productimages.coles.com.au/productimages/4/4277312.jpg
Tommee Tippee Antic Colic Medium Flow Teat 2 Pack 3m+ | 2 pack, $13.00, $6.50 per 1ea, https://productimages.coles.com.au/productimages/4/4281320.jpg
Little By Base Collective Hair & Body Baby Wash | 250mL, $18.00, $7.20 per 100mL, https://productimages.coles.com.au/productimages/5/5253794.jpg
Aptamil Allerpro Syneo Baby Formula Stage 1 | 900g, $40.00, $4.44 per 100g, https://productimages.coles.com.au/productimages/6/6187265.jpg
Avent Animal Ultra Air Soothers 6-18 Months | 2 pack, $13.95, $6.98 per 1ea, https://productimages.coles.com.au/productimages/4/4277334.jpg
Tommee Tippee Baby Bottle 260ml 3 Pack Newborn+ | 3 pack, $17.50, $5.83 per 1ea, https://productimages.coles.com.au/productimages/5/5331413.jpg
McCain Frozen Healthy Choice Lemon Chicken | 350g, $5.00, $1.43 per 100g, https://productimages.coles.com.au/productimages/6/6557841.jpg
Annabel Karmel Meals Cottage Pie | 200g, $3.90, $1.95 per 100g, https://productimages.coles.com.au/productimages/2/2313346.jpg
Oli6 Stage 2 Goat Milk Follow On Formula 6-12 Months | 800g, $40.50, $5.06 per 100g, https://productimages.coles.com.au/productimages/3/3469373.jpg
Medela Breast Milk Storage Bags | 25 pack, $18.00, $0.72 per 1ea, https://productimages.coles.com.au/productimages/3/3176604.jpg
Gro To Sud Bud Gentle Bubble Bath | 400mL, $19.50, $4.88 per 100mL, https://productimages.coles.com.au/productimages/5/5488211.jpg
Borg's Triangles Feta | 360g, $4.00, $1.11 per 100g, https://productimages.coles.com.au/productimages/9/9319715.jpg
Avent Air Mix Deco Soothers 0-6 Months | 2 pack, $13.95, $6.98 per 1ea, https://productimages.coles.com.au/productimages/1/1734462.jpg
Twisted Frozen Strawberry And Chocolate + Vanilla Bean Yoghurt | 480mL, $7.50, $1.56 per 100mL, https://productimages.coles.com.au/productimages/3/3147027.jpg
B.box Mini Insulated Food Jar | 1 each, $18.40, $18.40 per 1ea, https://productimages.coles.com.au/productimages/5/5244476.jpg
S-26 GOLD ALULA SOY FORMULA | 900g, $29.00, $3.22 per 100g, https://productimages.coles.com.au/productimages/4/4156781.jpg
Sophie La Girafe Teether | 1 pack, $35.50, $35.50 per 1ea, https://productimages.coles.com.au/productimages/5/5332405.jpg
Tommee Tippee Baby Bottle 260ml 2 Pack Newborn+ | 2 pack, $16.45, $8.23 per 1ea, https://productimages.coles.com.au/productimages/2/2750806.jpg
Gaia Natural Baby Hair & Body Wash | 500mL, $13.50, $2.70 per 100mL, https://productimages.coles.com.au/productimages/1/1516199.jpg
Alula Advance+ Junior Stage 4 Formula | 800g, $36.00, $4.50 per 100g, https://productimages.coles.com.au/productimages/4/4992599.jpg
Biostime SN-2 Bio Plus HPO Toddler Milk Drink 12+ Months | 800g, $29.60, $3.70 per 100g, https://productimages.coles.com.au/productimages/5/5112409.jpg
Alula S-26 Gold Reflux Infant Formula 0-12 Months | 900g, $29.00, $3.22 per 100g, https://productimages.coles.com.au/productimages/8/8760904.jpg
Aptamil Sensitive Stage 3 900g | 1 each, $29.00, $3.22 per 100g, https://productimages.coles.com.au/productimages/6/6248053.jpg
Bubs Supreme A2 Stage 1 Infant Formula | 800g, $40.00, $5.00 per 100g, https://productimages.coles.com.au/productimages/5/5019662.jpg
Alula Advance+ Toddler Stage 3 Formula | 800g, $36.00, $4.50 per 100g, https://productimages.coles.com.au/productimages/4/4992511.jpg
Alula S-26 Gold Lactose Intolerance Infant Formula 0-12 Months | 900g, $29.00, $3.22 per 100g, https://productimages.coles.com.au/productimages/3/3025846.jpg
Alula Advance+ Newborn Stage 1 Formula | 800g, $40.00, $5.00 per 100g, https://productimages.coles.com.au/productimages/4/4992307.jpg
